Type,Product,Started Date,Completed Date,Description,Amount,Fee,Currency,State,Balance
TOPUP,Current,2023-11-01 06:42:15,2023-11-01 06:42:16,Payment from Vanessa Hofer,150.00,0.00,EUR,COMPLETED,152.66
TRANSFER,Current,2023-11-01 11:07:17,2023-11-01 11:07:17,Revolut Bank UAB,-50.00,0.00,EUR,COMPLETED,102.66
CARD_PAYMENT,Current,2023-11-01 11:20:11,2023-11-02 12:33:14,Lidl,-4.83,0.00,EUR,COMPLETED,97.83
CARD_PAYMENT,Current,2023-11-03 13:35:58,2023-11-04 13:44:27,Lidl,-13.72,0.00,EUR,COMPLETED,84.11
FEE,Current,2023-11-04 17:08:00,2023-11-04 17:08:01,Card Delivery Fee,-7.99,0.00,EUR,COMPLETED,76.12
CARD_PAYMENT,Current,2023-11-05 14:44:35,2023-11-06 04:46:51,Tesco,-25.97,0.00,EUR,COMPLETED,50.15
CARD_PAYMENT,Current,2023-11-10 12:59:38,2023-11-11 21:04:31,McDonald's,-16.60,0.00,EUR,COMPLETED,33.55
CARD_PAYMENT,Current,2023-11-13 13:43:39,2023-11-14 12:54:20,Topaz Service Station & Drinagh Motors Limited,-5.55,0.00,EUR,COMPLETED,28.00
TOPUP,Current,2023-11-16 13:28:37,2023-11-16 13:28:38,Payment from Vanessa Hofer,200.00,0.00,EUR,COMPLETED,228.00
CARD_PAYMENT,Current,2023-11-17 15:30:11,2023-11-18 09:06:54,Lidl,-57.44,0.00,EUR,COMPLETED,170.56
CARD_PAYMENT,Current,2023-11-17 15:58:24,2023-11-18 10:46:45,Dunnes Stores,-27.22,0.00,EUR,COMPLETED,143.34
CARD_PAYMENT,Current,2023-11-18 20:06:06,2023-11-19 13:40:00,Centra,-21.82,0.00,EUR,COMPLETED,121.52
CARD_PAYMENT,Current,2023-11-19 16:57:57,2023-11-20 10:54:18,Centra,-2.35,0.00,EUR,COMPLETED,119.17
TOPUP,Current,2023-11-22 06:42:30,2023-11-22 06:42:31,Payment from Vanessa Hofer,150.00,0.00,EUR,COMPLETED,269.17
TOPUP,Current,2023-11-23 08:38:09,2023-11-23 08:38:09,Payment from Vanessa Hofer,200.00,0.00,EUR,COMPLETED,469.17
CARD_PAYMENT,Current,2023-11-23 19:37:42,2023-11-24 13:50:07,Dunnes Stores,-42.00,0.00,EUR,COMPLETED,427.17
CARD_PAYMENT,Current,2023-11-24 14:19:17,2023-11-25 11:19:50,Dunnes Stores,-34.60,0.00,EUR,COMPLETED,392.57
CARD_PAYMENT,Current,2023-11-24 13:36:49,2023-11-25 16:17:18,Tesco,-60.04,0.00,EUR,COMPLETED,332.53
CARD_PAYMENT,Current,2023-11-24 13:55:46,2023-11-25 19:25:23,LloydsPharmacy,-5.99,0.00,EUR,COMPLETED,326.54
CARD_PAYMENT,Current,2023-11-25 19:42:30,2023-11-26 13:24:26,Dunnes Stores,-16.00,0.00,EUR,COMPLETED,310.54
CARD_PAYMENT,Current,2023-11-25 19:49:15,2023-11-26 16:24:51,Dunnes Stores,-8.37,0.00,EUR,COMPLETED,302.17
CARD_PAYMENT,Current,2023-11-30 18:21:45,2023-12-01 10:37:24,Dunnes Stores,-38.72,0.00,EUR,COMPLETED,263.45
CARD_PAYMENT,Current,2023-12-01 16:30:19,2023-12-02 11:53:22,Dunnes Stores,-37.15,0.00,EUR,COMPLETED,226.30
CARD_PAYMENT,Current,2023-12-01 15:50:09,2023-12-02 14:44:40,Starbucks,-6.55,0.00,EUR,COMPLETED,219.75
CARD_PAYMENT,Current,2023-12-01 14:53:17,2023-12-02 15:43:39,Irish Rail,-16.70,0.00,EUR,COMPLETED,203.05
CARD_PAYMENT,Current,2023-12-02 17:30:47,2023-12-03 05:30:02,Boots,-19.48,0.00,EUR,COMPLETED,183.57
CARD_PAYMENT,Current,2023-12-02 15:10:40,2023-12-03 12:25:20,Art and Hobby,-7.50,0.00,EUR,COMPLETED,176.07
CARD_PAYMENT,Current,2023-12-02 19:22:32,2023-12-03 12:25:27,The Old Quarter,-52.40,0.00,EUR,COMPLETED,123.67
CARD_PAYMENT,Current,2023-12-02 19:45:45,2023-12-03 15:18:31,Mohamadullah,-12.40,0.00,EUR,COMPLETED,111.27
CARD_PAYMENT,Current,2023-12-02 14:44:21,2023-12-03 15:52:47,Gino's Gelato,-6.50,0.00,EUR,COMPLETED,104.77
CARD_PAYMENT,Current,2023-12-02 16:47:53,2023-12-03 15:53:06,Tesco,-2.50,0.00,EUR,COMPLETED,102.27
CARD_PAYMENT,Current,2023-12-06 11:54:05,2023-12-07 12:18:25,Centra,-19.09,0.00,EUR,COMPLETED,83.18
CARD_PAYMENT,Current,2023-12-07 17:54:20,2023-12-08 10:01:05,Dunnes Stores,-28.42,0.00,EUR,COMPLETED,54.76
CARD_PAYMENT,Current,2023-12-07 17:23:18,2023-12-08 19:02:48,Lidl,-17.52,0.00,EUR,COMPLETED,37.24
CARD_PAYMENT,Current,2023-12-08 22:32:44,2023-12-09 04:46:39,48,-6.50,0.00,EUR,COMPLETED,30.74
CARD_PAYMENT,Current,2023-12-08 19:16:47,2023-12-09 15:27:00,Centra,-3.25,0.00,EUR,COMPLETED,27.49
TOPUP,Current,2023-12-11 10:43:17,2023-12-11 10:43:17,Payment from Vanessa Hofer,250.00,0.00,EUR,COMPLETED,277.49
CARD_PAYMENT,Current,2023-12-11 17:35:09,2023-12-12 13:01:14,Irish Rail,-5.15,0.00,EUR,COMPLETED,272.34
CARD_PAYMENT,Current,2023-12-11 17:26:57,2023-12-12 17:13:03,Dublin Coach,-6.00,0.00,EUR,COMPLETED,266.34
CARD_PAYMENT,Current,2023-12-12 13:03:05,2023-12-13 10:49:27,Heaslips,-1.10,0.00,EUR,COMPLETED,265.24
CARD_PAYMENT,Current,2023-12-12 13:48:23,2023-12-13 13:10:24,Dunnes Stores,-1.95,0.00,EUR,COMPLETED,263.29
CARD_PAYMENT,Current,2023-12-12 13:46:25,2023-12-13 13:10:24,Dunnes Stores,-8.09,0.00,EUR,COMPLETED,255.20
CARD_PAYMENT,Current,2023-12-12 16:59:11,2023-12-13 13:10:28,Dunnes Stores,-12.58,0.00,EUR,COMPLETED,242.62
CARD_PAYMENT,Current,2023-12-15 13:34:45,,Three,-1.00,0.00,EUR,REVERTED,
CARD_PAYMENT,Current,2023-12-15 13:34:47,2023-12-16 09:44:34,Three,-20.00,0.00,EUR,COMPLETED,222.62
CARD_PAYMENT,Current,2023-12-15 21:24:19,2023-12-16 11:02:07,Dunnes Stores,-8.50,0.00,EUR,COMPLETED,214.12
CARD_PAYMENT,Current,2023-12-16 23:45:04,2023-12-17 05:02:53,Irish Rail,-10.30,0.00,EUR,COMPLETED,203.82
CARD_PAYMENT,Current,2023-12-17 17:16:52,2023-12-18 10:06:20,Irish Rail,-16.70,0.00,EUR,COMPLETED,187.12
CARD_PAYMENT,Current,2023-12-17 14:55:51,2023-12-18 12:30:51,The Queen's Head,-18.40,0.00,EUR,COMPLETED,168.72
CARD_PAYMENT,Current,2023-12-16 14:16:08,2023-12-18 14:11:08,Spar,-5.63,0.00,EUR,COMPLETED,163.09
CARD_PAYMENT,Current,2023-12-17 16:58:02,2023-12-18 14:58:35,Dunnes Stores,-73.00,0.00,EUR,COMPLETED,90.09
CARD_PAYMENT,Current,2023-12-17 12:10:52,2023-12-18 14:58:35,Dunnes Stores,-7.30,0.00,EUR,COMPLETED,82.79
CARD_PAYMENT,Current,2023-12-18 18:42:01,2023-12-19 10:26:30,Dunnes Stores,-21.14,0.00,EUR,COMPLETED,61.65
CARD_PAYMENT,Current,2023-12-18 11:53:52,2023-12-19 10:26:30,Dunnes Stores,-15.28,0.00,EUR,COMPLETED,46.37
CARD_PAYMENT,Current,2023-12-18 09:53:47,2023-12-19 14:35:01,Maxol,-6.49,0.00,EUR,COMPLETED,39.88
CARD_PAYMENT,Current,2023-12-17 16:44:05,2023-12-19 15:39:33,John Damien Naughton,-13.60,0.00,EUR,COMPLETED,26.28
CARD_PAYMENT,Current,2023-12-17 15:12:22,2023-12-19 15:39:33,John Damien Naughton,-13.80,0.00,EUR,COMPLETED,12.48
CARD_PAYMENT,Current,2023-12-20 16:21:09,2023-12-21 11:25:48,Dunnes Stores,-5.00,0.00,EUR,COMPLETED,7.48
TOPUP,Current,2023-12-27 11:54:31,2023-12-27 11:54:31,Payment from Vanessa Hofer,200.00,0.00,EUR,COMPLETED,207.48
TRANSFER,Current,2023-12-27 20:31:17,2023-12-27 20:31:17,Revolut Ltd,-10.00,0.00,EUR,COMPLETED,197.48
TRANSFER,Current,2023-12-28 16:02:56,2023-12-28 16:02:56,Revolut Ltd,-5.00,0.00,EUR,COMPLETED,192.48
TRANSFER,Current,2023-12-29 10:34:52,2023-12-29 10:34:52,Revolut Ltd,-10.00,0.00,EUR,COMPLETED,182.48
TOPUP,Current,2023-12-31 14:41:23,2023-12-31 14:41:23,Payment from Vanessa Hofer,200.00,0.00,EUR,COMPLETED,382.48
CARD_PAYMENT,Current,2023-12-31 14:44:34,2024-01-01 09:20:46,Budget Rent a Car,-162.00,0.00,EUR,COMPLETED,220.48
CARD_PAYMENT,Current,2024-01-01 12:13:22,,Car Rental Dublin Airport,-124.00,0.00,EUR,REVERTED,
CARD_PAYMENT,Current,2024-01-01 13:03:01,2024-01-02 10:16:04,IKEA,-18.60,0.00,EUR,COMPLETED,201.88
CARD_PAYMENT,Current,2024-01-01 15:16:31,2024-01-02 10:16:04,IKEA,-2.20,0.00,EUR,COMPLETED,199.68
CARD_PAYMENT,Current,2024-01-01 18:50:20,2024-01-02 12:55:26,Supermac's,-19.00,0.00,EUR,COMPLETED,180.68
CARD_PAYMENT,Current,2024-01-01 19:14:48,2024-01-02 12:55:26,Supermac's,-3.50,0.00,EUR,COMPLETED,177.18
CARD_PAYMENT,Current,2024-01-01 00:22:18,2024-01-02 14:59:22,Skånetrafiken,-21.62,0.00,EUR,COMPLETED,155.56
TOPUP,Current,2024-01-02 21:20:47,2024-01-02 21:20:47,Payment from Vanessa Hofer,50.00,0.00,EUR,COMPLETED,205.56
CARD_PAYMENT,Current,2024-01-02 21:23:58,2024-01-03 05:06:16,Supermac's,-3.20,0.00,EUR,COMPLETED,202.36
CARD_PAYMENT,Current,2024-01-02 14:03:14,2024-01-03 13:53:29,Craft Bistro,-31.50,0.00,EUR,COMPLETED,170.86
CARD_PAYMENT,Current,2024-01-03 10:00:35,2024-01-04 09:28:05,J And F Cafe Catering Lim,-12.20,0.00,EUR,COMPLETED,158.66
CARD_PAYMENT,Current,2024-01-03 11:37:41,2024-01-04 13:03:04,Shannon Service Station And Car Valeting,-31.53,0.00,EUR,COMPLETED,127.13
CARD_PAYMENT,Current,2024-01-05 16:12:58,2024-01-06 14:47:12,Zest!,-4.60,0.00,EUR,COMPLETED,122.53
CARD_PAYMENT,Current,2024-01-05 19:30:04,2024-01-06 19:07:29,Dunnes Stores,-29.32,0.00,EUR,COMPLETED,93.21
CARD_PAYMENT,Current,2024-01-05 19:31:01,2024-01-07 04:34:46,Anna's Vending,-1.50,0.00,EUR,COMPLETED,91.71
CARD_PAYMENT,Current,2024-01-06 14:50:03,2024-01-07 10:46:13,Dunnes Stores,-29.10,0.00,EUR,COMPLETED,62.61
CARD_PAYMENT,Current,2024-01-06 14:52:00,2024-01-07 10:46:13,Dunnes Stores,-2.75,0.00,EUR,COMPLETED,59.86
CARD_PAYMENT,Current,2024-01-06 12:28:23,2024-01-07 12:40:28,The Record Break,-45.00,0.00,EUR,COMPLETED,14.86
TOPUP,Current,2024-01-07 19:52:58,2024-01-07 19:52:59,Payment from Vanessa Hofer,150.00,0.00,EUR,COMPLETED,164.86
CARD_PAYMENT,Current,2024-01-07 19:57:44,2024-01-08 04:44:23,Just Eat,-13.45,0.00,EUR,COMPLETED,151.41
CARD_PAYMENT,Current,2024-01-06 14:19:34,2024-01-08 13:02:40,Donie O'Keeffe Champion Meats,-8.20,0.00,EUR,COMPLETED,143.21
CARD_PAYMENT,Current,2024-01-08 22:33:15,2024-01-09 04:46:26,48,-12.99,0.00,EUR,COMPLETED,130.22
CARD_PAYMENT,Current,2024-01-08 09:30:00,2024-01-09 10:50:09,Zest!,-9.35,0.00,EUR,COMPLETED,120.87
CARD_PAYMENT,Current,2024-01-09 14:04:52,2024-01-10 13:36:47,Zest!,-6.65,0.00,EUR,COMPLETED,114.22
CARD_PAYMENT,Current,2024-01-10 14:09:13,2024-01-11 11:01:51,Dunnes Stores,-35.78,0.00,EUR,COMPLETED,78.44
TOPUP,Current,2024-01-11 14:16:28,2024-01-11 14:16:29,Payment from Vanessa Hofer,230.00,0.00,EUR,COMPLETED,308.44
TRANSFER,Current,2024-01-11 17:56:42,2024-01-11 17:56:43,To VLAD-ANDREI ROMAN,-200.00,0.00,EUR,COMPLETED,108.44
CARD_PAYMENT,Current,2024-01-11 16:08:48,2024-01-12 13:26:44,Zest!,-4.70,0.00,EUR,COMPLETED,103.74
CARD_PAYMENT,Current,2024-01-12 13:03:28,2024-01-13 13:35:01,Boots,-4.99,0.00,EUR,COMPLETED,98.75
CARD_PAYMENT,Current,2024-01-12 14:04:38,2024-01-13 20:00:24,O'Flaherty Electric Euronics,-12.00,0.00,EUR,COMPLETED,86.75
TOPUP,Current,2024-01-14 12:56:16,2024-01-14 12:56:16,Payment from Vanessa Hofer,50.00,0.00,EUR,COMPLETED,136.75
CARD_PAYMENT,Current,2024-01-12 13:28:03,2024-01-15 09:08:47,Dunnes Stores,-29.14,0.00,EUR,COMPLETED,107.61
CARD_PAYMENT,Current,2024-01-14 12:58:49,2024-01-16 00:04:24,Dunnes Stores,-35.80,0.00,EUR,COMPLETED,71.81
CARD_PAYMENT,Current,2024-01-15 09:59:18,2024-01-16 09:19:14,J And F Cafe Catering Lim,-12.20,0.00,EUR,COMPLETED,59.61
CARD_PAYMENT,Current,2024-01-17 14:28:33,2024-01-18 09:37:34,Falafel King,-9.00,0.00,EUR,COMPLETED,50.61
CARD_PAYMENT,Current,2024-01-17 18:03:46,2024-01-18 11:05:02,Dunnes Stores,-20.69,0.00,EUR,COMPLETED,29.92
TRANSFER,Current,2024-01-18 11:27:48,2024-01-18 11:27:48,Revolut Bank UAB,2000.00,0.00,EUR,COMPLETED,2029.92
TRANSFER,Current,2024-01-18 11:39:24,2024-01-18 11:39:25,Revolut Bank UAB,2200.00,0.00,EUR,COMPLETED,4229.92
CARD_PAYMENT,Current,2024-01-21 19:11:55,2024-01-22 04:43:58,Just Eat,-32.50,0.00,EUR,COMPLETED,4197.42
TRANSFER,Current,2024-01-21 19:14:41,2024-01-22 06:45:35,To Vanessa Hofer,-10.00,0.00,EUR,COMPLETED,4187.42
CARD_PAYMENT,Current,2024-01-22 08:34:36,2024-01-23 05:03:46,Lidl,-14.98,0.00,EUR,COMPLETED,4172.44
TRANSFER,Current,2024-01-23 19:12:17,2024-01-24 06:39:43,To Vanessa Hofer,-2000.00,0.00,EUR,COMPLETED,2172.44
CARD_PAYMENT,Current,2024-01-25 20:07:39,2024-01-26 09:53:48,Dunnes Stores,-37.05,0.00,EUR,COMPLETED,2135.39
CARD_PAYMENT,Current,2024-01-25 16:24:50,2024-01-26 09:53:50,Dunnes Stores,-10.68,0.00,EUR,COMPLETED,2124.71
CARD_PAYMENT,Current,2024-01-25 16:02:07,2024-01-26 14:06:30,Dan McInerney & Sons,-18.95,0.00,EUR,COMPLETED,2105.76
CARD_PAYMENT,Current,2024-01-26 20:05:25,2024-01-27 09:28:25,Dunnes Stores,-22.58,0.00,EUR,COMPLETED,2083.18
CARD_PAYMENT,Current,2024-01-26 14:16:08,2024-01-27 11:54:45,J And F Cafe Catering Lim,-4.00,0.00,EUR,COMPLETED,2079.18
CARD_PAYMENT,Current,2024-01-26 08:51:58,2024-01-27 12:36:15,J And F Cafe Catering,-2.95,0.00,EUR,COMPLETED,2076.23
CARD_PAYMENT,Current,2024-01-26 13:31:16,2024-01-27 15:34:44,McDonald's,-16.80,0.00,EUR,COMPLETED,2059.43
CARD_PAYMENT,Current,2024-01-27 14:16:25,2024-01-29 10:03:33,Mondo,-37.60,0.00,EUR,COMPLETED,2021.83
CARD_PAYMENT,Current,2024-01-29 18:15:01,2024-01-30 04:55:01,Dunnes Stores,-43.71,0.00,EUR,COMPLETED,1978.12
CARD_PAYMENT,Current,2024-01-29 13:22:51,2024-01-30 04:55:53,Lidl,-5.01,0.00,EUR,COMPLETED,1973.11
TRANSFER,Current,2024-01-30 22:05:18,2024-01-30 22:05:18,Revolut Bank UAB,-100.00,0.00,EUR,COMPLETED,1873.11
CARD_PAYMENT,Current,2024-01-29 11:06:59,2024-01-31 12:20:03,Anna's Vending,-1.50,0.00,EUR,COMPLETED,1871.61
CARD_PAYMENT,Current,2024-01-30 16:27:12,2024-01-31 12:31:50,Talty's,-5.35,0.00,EUR,COMPLETED,1866.26
CARD_PAYMENT,Current,2024-01-30 09:21:05,2024-01-31 12:34:52,UTS Parking and Transportation,-2.80,0.00,EUR,COMPLETED,1863.46
TRANSFER,Current,2024-01-31 14:57:41,2024-01-31 14:57:41,Revolut Bank UAB,2200.00,0.00,EUR,COMPLETED,4063.46
CARD_PAYMENT,Current,2024-01-31 17:43:51,2024-02-01 04:39:16,IKEA,-477.00,0.00,EUR,COMPLETED,3586.46
CARD_PAYMENT,Current,2024-01-31 18:37:01,2024-02-01 04:45:23,Just Eat,-26.40,0.00,EUR,COMPLETED,3560.06
TRANSFER,Current,2024-01-31 15:02:29,2024-02-01 06:38:04,To Vanessa Hofer,-3300.00,0.00,EUR,COMPLETED,260.06
CARD_PAYMENT,Current,2024-01-31 10:17:00,2024-02-01 13:07:52,Talty's,-8.50,0.00,EUR,COMPLETED,251.56
CARD_PAYMENT,Current,2024-01-31 13:47:49,2024-02-01 13:11:15,UTS Parking and Transportation,-3.00,0.00,EUR,COMPLETED,248.56
CARD_PAYMENT,Current,2024-02-01 16:36:57,2024-02-02 11:01:00,Dunnes Stores,-51.34,0.00,EUR,COMPLETED,197.22
CARD_PAYMENT,Current,2024-02-01 09:29:52,2024-02-02 14:35:45,J And F Cafe Catering,-7.35,0.00,EUR,COMPLETED,189.87
CARD_PAYMENT,Current,2024-02-01 14:34:20,2024-02-02 14:44:46,Talty's,-10.50,0.00,EUR,COMPLETED,179.37
CARD_PAYMENT,Current,2024-02-02 17:47:21,2024-02-03 11:12:41,Dingle Street Food Limi,-27.00,0.00,EUR,COMPLETED,152.37
CARD_PAYMENT,Current,2024-02-02 17:56:09,2024-02-03 14:20:40,Dunnes Stores,-17.53,0.00,EUR,COMPLETED,134.84
CARD_PAYMENT,Current,2024-02-03 18:30:11,2024-02-04 10:24:50,Dunnes Stores,-13.54,0.00,EUR,COMPLETED,121.30
CARD_PAYMENT,Current,2024-02-02 11:39:29,2024-02-04 12:52:13,Anna's Vending,-1.50,0.00,EUR,COMPLETED,119.80
CARD_PAYMENT,Current,2024-02-02 11:39:54,2024-02-04 12:52:15,Anna's Vending,-1.80,0.00,EUR,COMPLETED,118.00
CARD_PAYMENT,Current,2024-02-04 11:27:43,2024-02-05 05:00:26,Dunnes Stores,-11.17,0.00,EUR,COMPLETED,106.83
CARD_PAYMENT,Current,2024-02-04 11:17:05,2024-02-05 09:46:00,Dunnes Stores,-2.99,0.00,EUR,COMPLETED,103.84
CARD_PAYMENT,Current,2024-01-31 21:42:21,2024-02-06 13:18:48,Steam,-29.03,0.00,EUR,COMPLETED,74.81
CARD_PAYMENT,Current,2024-02-07 21:12:32,2024-02-08 13:35:18,Irish Rail,-29.96,0.00,EUR,COMPLETED,44.85
TOPUP,Current,2024-02-08 14:16:11,2024-02-08 14:16:11,Payment from Vanessa Hofer,200.00,0.00,EUR,COMPLETED,244.85
CARD_PAYMENT,Current,2024-02-08 22:38:03,2024-02-09 04:47:56,48,-12.99,0.00,EUR,COMPLETED,231.86
CARD_PAYMENT,Current,2024-02-08 14:02:11,2024-02-09 10:09:19,Dunnes Stores,-40.58,0.00,EUR,COMPLETED,191.28
CARD_PAYMENT,Current,2024-02-09 19:15:08,2024-02-10 11:26:32,Dunnes Stores,-39.19,0.00,EUR,COMPLETED,152.09
CARD_PAYMENT,Current,2024-02-10 19:33:25,2024-02-11 09:40:04,Dunnes Stores,-26.95,0.00,EUR,COMPLETED,125.14
CARD_PAYMENT,Current,2024-02-10 12:40:28,2024-02-11 12:04:54,Subway,-2.00,0.00,EUR,COMPLETED,123.14
CARD_PAYMENT,Current,2024-02-10 15:47:53,2024-02-11 13:23:16,56 Central Restaurant Cafe,-28.30,0.00,EUR,COMPLETED,94.84
CARD_PAYMENT,Current,2024-02-11 16:09:59,2024-02-12 05:01:21,Dunnes Stores,-13.99,0.00,EUR,COMPLETED,80.85
CARD_PAYMENT,Current,2024-02-10 17:34:07,2024-02-12 13:42:27,Starbucks,-5.90,0.00,EUR,COMPLETED,74.95
CARD_PAYMENT,Current,2024-02-16 13:16:03,2024-02-17 10:33:31,Dunnes Stores,-21.82,0.00,EUR,COMPLETED,53.13
CARD_PAYMENT,Current,2024-02-16 11:25:41,2024-02-17 12:30:18,J And F Cafe Catering Lim,-6.95,0.00,EUR,COMPLETED,46.18
CARD_PAYMENT,Current,2024-02-16 12:46:40,2024-02-17 13:13:18,The Zipyard Ennis,-16.00,0.00,EUR,COMPLETED,30.18
TOPUP,Current,2024-02-17 15:21:19,2024-02-17 15:21:19,Payment from Vanessa Hofer,400.00,0.00,EUR,COMPLETED,430.18
CARD_PAYMENT,Current,2024-02-17 18:32:06,2024-02-18 09:40:33,Dunnes Stores,-37.07,0.00,EUR,COMPLETED,393.11
CARD_PAYMENT,Current,2024-02-17 15:30:17,2024-02-18 14:50:07,Amazon,-240.38,2.40,EUR,COMPLETED,150.33
CARD_PAYMENT,Current,2024-02-19 11:42:15,2024-02-20 13:12:47,J And F Cafe Catering,-6.55,0.00,EUR,COMPLETED,143.78
CARD_PAYMENT,Current,2024-02-20 16:02:44,2024-02-21 12:04:29,Dunnes Stores,-46.54,0.00,EUR,COMPLETED,97.24
CARD_PAYMENT,Current,2024-02-20 16:03:55,2024-02-21 12:04:32,Dunnes Stores,-5.00,0.00,EUR,COMPLETED,92.24
CARD_PAYMENT,Current,2024-02-21 13:22:20,2024-02-22 12:02:53,Dunnes Stores,-15.15,0.00,EUR,COMPLETED,77.09
CARD_PAYMENT,Current,2024-02-22 13:40:04,2024-02-23 15:08:37,UTS Parking and Transportation,-2.80,0.00,EUR,COMPLETED,74.29
CARD_PAYMENT,Current,2024-02-22 13:44:34,2024-02-23 15:40:11,Zest!,-9.20,0.00,EUR,COMPLETED,65.09
TOPUP,Current,2024-02-24 15:49:28,2024-02-24 15:49:28,Payment from Vanessa Hofer,400.00,0.00,EUR,COMPLETED,465.09
CARD_PAYMENT,Current,2024-02-24 17:36:25,2024-02-25 09:40:12,Dunnes Stores,-32.69,0.00,EUR,COMPLETED,432.40
CARD_PAYMENT,Current,2024-02-24 16:07:52,2024-02-25 09:40:20,Irish Rail,-16.70,0.00,EUR,COMPLETED,415.70
CARD_PAYMENT,Current,2024-02-24 09:50:43,2024-02-25 09:40:23,Irish Rail,-16.70,0.00,EUR,COMPLETED,399.00
CARD_PAYMENT,Current,2024-02-24 10:56:59,2024-02-25 12:48:37,WILDBERRY CAFE,-20.30,0.00,EUR,COMPLETED,378.70
CARD_PAYMENT,Current,2024-02-24 14:10:02,2024-02-25 12:48:44,Story Limerick,-4.00,0.00,EUR,COMPLETED,374.70
CARD_PAYMENT,Current,2024-02-24 15:55:16,2024-02-25 14:00:49,The Old Quarter,-45.80,0.00,EUR,COMPLETED,328.90
CARD_PAYMENT,Current,2024-02-26 18:44:58,2024-02-27 10:18:39,Dunnes Stores,-46.92,0.00,EUR,COMPLETED,281.98
CARD_PAYMENT,Current,2024-02-26 16:26:54,2024-02-27 13:51:16,UTS Parking and Transportation,-1.05,0.00,EUR,COMPLETED,280.93
CARD_PAYMENT,Current,2024-02-27 19:35:40,2024-02-28 03:42:35,Allie Glynn Photo,-200.00,0.00,EUR,COMPLETED,80.93
CARD_PAYMENT,Current,2024-02-26 10:19:55,2024-02-28 05:36:01,Anna's Vending,-2.20,0.00,EUR,COMPLETED,78.73
CARD_PAYMENT,Current,2024-02-27 16:08:13,2024-02-28 12:50:03,UTS Parking and Transportation,-1.38,0.00,EUR,COMPLETED,77.35
CARD_PAYMENT,Current,2024-02-28 13:41:07,2024-02-29 10:19:48,Dunnes Stores,-24.09,0.00,EUR,COMPLETED,53.26
TOPUP,Current,2024-02-29 11:33:04,2024-02-29 11:33:04,Payment from Vanessa Hofer,400.00,0.00,EUR,COMPLETED,453.26
CARD_PAYMENT,Current,2024-02-28 14:36:22,2024-02-29 13:11:17,UTS Parking and Transportation,-3.00,0.00,EUR,COMPLETED,450.26
CARD_PAYMENT,Current,2024-02-29 19:19:41,2024-03-01 10:20:45,Dunnes Stores,-26.37,0.00,EUR,COMPLETED,423.89
CARD_PAYMENT,Current,2024-02-29 11:37:53,2024-03-01 12:13:44,Budget Rent a Car,-103.00,0.00,EUR,COMPLETED,320.89
CARD_PAYMENT,Current,2024-02-29 17:13:13,2024-03-01 12:30:18,UTS Parking and Transportation,-1.00,0.00,EUR,COMPLETED,319.89
CARD_PAYMENT,Current,2024-02-29 09:57:43,2024-03-01 13:42:21,J And F Cafe Catering,-5.90,0.00,EUR,COMPLETED,313.99
CARD_PAYMENT,Current,2024-02-29 09:53:52,2024-03-01 13:57:40,UTS Parking and Transportation,-3.00,0.00,EUR,COMPLETED,310.99
CARD_PAYMENT,Current,2024-02-29 14:05:54,2024-03-01 13:57:40,UTS Parking and Transportation,-3.00,0.00,EUR,COMPLETED,307.99
CARD_PAYMENT,Current,2024-03-01 20:43:00,,Budget Rent a Car,-124.00,0.00,EUR,REVERTED,
CARD_PAYMENT,Current,2024-03-01 13:16:53,2024-03-02 06:07:26,Bus Éireann,-18.10,0.00,EUR,COMPLETED,289.89
CARD_PAYMENT,Current,2024-03-01 21:40:30,2024-03-02 11:39:12,Dunnes Stores,-28.78,0.00,EUR,COMPLETED,261.11
CARD_PAYMENT,Current,2024-03-01 19:03:27,2024-03-02 11:39:12,Dunnes Stores,-3.00,0.00,EUR,COMPLETED,258.11
TOPUP,Current,2024-03-02 16:32:06,2024-03-02 16:32:07,Payment from Vanessa Hofer,500.00,0.00,EUR,COMPLETED,758.11
TRANSFER,Current,2024-03-02 17:16:56,2024-03-02 17:16:56,Revolut Bank UAB,-1.00,0.00,EUR,COMPLETED,757.11
TRANSFER,Current,2024-03-02 17:17:12,2024-03-02 17:17:13,Revolut Bank UAB,-399.00,0.00,EUR,COMPLETED,358.11
CARD_PAYMENT,Current,2024-03-02 19:33:22,2024-03-03 09:08:29,DirectRoute,-2.30,0.00,EUR,COMPLETED,355.81
TOPUP,Current,2024-03-03 09:14:00,2024-03-03 09:14:01,Payment from Vanessa Hofer,250.00,0.00,EUR,COMPLETED,605.81
CARD_PAYMENT,Current,2024-03-02 16:50:59,2024-03-03 11:15:43,The Black Wolf-Beer & Food Co,-49.10,0.00,EUR,COMPLETED,556.71
CARD_PAYMENT,Current,2024-03-02 11:51:05,2024-03-03 14:07:39,Insomnia Coffee Company,-11.50,0.00,EUR,COMPLETED,545.21
TRANSFER,Current,2024-03-03 17:35:18,2024-03-03 17:35:18,Revolut Bank UAB,-5.00,0.00,EUR,COMPLETED,540.21
CARD_PAYMENT,Current,2024-03-03 21:13:14,2024-03-04 02:54:00,Bus Éireann,-19.00,0.00,EUR,COMPLETED,521.21
CARD_PAYMENT,Current,2024-03-03 16:17:21,2024-03-04 03:02:14,Gus O'Connor's Pub,-46.80,0.00,EUR,COMPLETED,474.41
CARD_PAYMENT,Current,2024-03-02 10:47:25,2024-03-04 08:47:53,MidLink,-2.30,0.00,EUR,COMPLETED,472.11
CARD_PAYMENT,Current,2024-03-02 18:26:05,2024-03-04 08:47:53,MidLink,-2.30,0.00,EUR,COMPLETED,469.81
CARD_PAYMENT,Current,2024-03-03 19:48:17,2024-03-04 09:34:11,MACE,-63.93,0.00,EUR,COMPLETED,405.88
CARD_PAYMENT,Current,2024-03-02 09:45:28,2024-03-05 09:03:59,DirectRoute,-2.30,0.00,EUR,COMPLETED,403.58
CARD_PAYMENT,Current,2024-03-04 20:16:17,2024-03-05 09:58:56,Dunnes Stores,-49.92,0.00,EUR,COMPLETED,353.66
CARD_PAYMENT,Current,2024-03-04 12:29:51,2024-03-05 11:54:02,J And F Cafe Catering Lim,-13.90,0.00,EUR,COMPLETED,339.76
CARD_PAYMENT,Current,2024-03-04 11:43:31,2024-03-05 11:58:23,Seamus Taxi,-7.00,0.00,EUR,COMPLETED,332.76
CARD_PAYMENT,Current,2024-03-03 09:15:43,2024-03-05 15:32:30,Aer Lingus,-81.26,0.00,EUR,COMPLETED,251.50
CARD_PAYMENT,Current,2024-03-03 09:01:06,2024-03-05 15:32:30,Aer Lingus,-95.14,0.00,EUR,COMPLETED,156.36
CARD_PAYMENT,Current,2024-03-05 14:06:28,2024-03-06 02:52:17,D2 Print,-61.50,0.00,EUR,COMPLETED,94.86
CARD_PAYMENT,Current,2024-03-05 16:06:52,2024-03-06 10:31:33,The Art & Craft Shop L,-7.40,0.00,EUR,COMPLETED,87.46
CARD_PAYMENT,Current,2024-03-05 18:42:11,2024-03-06 11:37:46,Amazon,-16.45,0.00,EUR,COMPLETED,71.01
CARD_PAYMENT,Current,2024-03-05 17:14:54,2024-03-06 12:13:18,Aroma Cafe,-12.60,0.00,EUR,COMPLETED,58.41
TOPUP,Current,2024-03-06 17:15:39,2024-03-06 17:15:39,Payment from Vanessa Hofer,200.00,0.00,EUR,COMPLETED,258.41
CARD_PAYMENT,Current,2024-03-05 14:21:29,2024-03-06 17:25:47,UTS Parking and Transportation,-3.00,0.00,EUR,COMPLETED,255.41
CARD_PAYMENT,Current,2024-03-06 17:53:28,2024-03-07 10:12:25,Dunnes Stores,-55.85,0.00,EUR,COMPLETED,199.56
CARD_PAYMENT,Current,2024-03-06 17:16:26,2024-03-07 19:16:01,The Art & Craft Shop L,-9.85,0.00,EUR,COMPLETED,189.71
CARD_PAYMENT,Current,2024-03-07 18:48:33,2024-03-08 10:40:16,Dunnes Stores,-28.77,0.00,EUR,COMPLETED,160.94
CARD_PAYMENT,Current,2024-03-08 22:32:37,2024-03-09 04:47:34,48,-12.99,0.00,EUR,COMPLETED,147.95
CARD_PAYMENT,Current,2024-03-08 12:10:34,2024-03-09 05:09:09,Bus Éireann,-18.10,0.00,EUR,COMPLETED,129.85
TOPUP,Current,2024-03-09 15:33:32,2024-03-09 15:33:33,Payment from Vanessa Hofer,200.00,0.00,EUR,COMPLETED,329.85
CARD_PAYMENT,Current,2024-03-08 20:38:03,2024-03-09 16:20:49,Hardeep Singh Dos,-14.00,0.00,EUR,COMPLETED,315.85
CARD_PAYMENT,Current,2024-03-08 17:52:01,2024-03-09 18:20:30,Eamonn S Taxi,-10.00,0.00,EUR,COMPLETED,305.85
CARD_PAYMENT,Current,2024-03-08 12:07:23,2024-03-09 22:47:55,Budget Rent a Car,-89.00,0.00,EUR,COMPLETED,216.85
CARD_PAYMENT,Current,2024-03-09 15:45:38,2024-03-10 10:09:24,Supermac's,-24.00,0.00,EUR,COMPLETED,192.85
CARD_PAYMENT,Current,2024-03-09 15:40:14,2024-03-10 12:30:42,Boots,-4.99,0.00,EUR,COMPLETED,187.86
CARD_PAYMENT,Current,2024-03-10 09:25:20,2024-03-11 11:16:17,Dunnes Stores,-14.37,0.00,EUR,COMPLETED,173.49
CARD_PAYMENT,Current,2024-03-10 09:16:03,2024-03-11 11:16:18,Dunnes Stores,-8.00,0.00,EUR,COMPLETED,165.49
CARD_PAYMENT,Current,2024-03-10 19:10:30,2024-03-11 20:09:35,N6 Concession,-2.30,0.00,EUR,COMPLETED,163.19
CARD_PAYMENT,Current,2024-03-10 08:42:08,2024-03-11 20:10:18,Budget Rent a Car,-123.74,0.00,EUR,COMPLETED,39.45
CARD_PAYMENT,Current,2024-03-10 09:03:05,2024-03-11 20:27:06,Three,-20.00,0.00,EUR,COMPLETED,19.45
CARD_PAYMENT,Current,2024-03-11 16:51:46,2024-03-12 09:32:12,JYSK,-3.75,0.00,EUR,COMPLETED,15.70
CARD_PAYMENT,Current,2024-03-11 11:43:44,2024-03-12 12:01:10,Louth Cc Parking Fee,-1.20,0.00,EUR,COMPLETED,14.50
CARD_PAYMENT,Current,2024-03-11 11:49:59,2024-03-12 12:11:05,Town Centre Pharmacy,-3.99,0.00,EUR,COMPLETED,10.51
CARD_PAYMENT,Current,2024-03-11 17:35:26,2024-03-12 16:13:56,N6 Concession,-2.30,0.00,EUR,COMPLETED,8.21
CARD_PAYMENT,Current,2024-03-11 09:28:53,2024-03-12 19:24:49,Louth Cc Parking Fee,-2.60,0.00,EUR,COMPLETED,5.61
CARD_PAYMENT,Current,2024-03-12 09:21:18,2024-03-13 12:37:45,UTS Parking and Transportation,-2.00,0.00,EUR,COMPLETED,3.61
TOPUP,Current,2024-03-14 22:17:54,2024-03-14 22:17:54,Payment from Vanessa Hofer,500.00,0.00,EUR,COMPLETED,503.61
CARD_PAYMENT,Current,2024-03-15 11:35:39,2024-03-16 11:05:16,Dunnes Stores,-26.94,0.00,EUR,COMPLETED,476.67
CARD_PAYMENT,Current,2024-03-15 18:47:14,2024-03-16 11:05:18,Dunnes Stores,-46.20,0.00,EUR,COMPLETED,430.47
CARD_PAYMENT,Current,2024-03-15 16:47:19,2024-03-16 11:05:20,Dunnes Stores,-4.80,0.00,EUR,COMPLETED,425.67
CARD_PAYMENT,Current,2024-03-15 14:44:24,2024-03-16 13:25:41,Murphy's Menswear,-43.95,0.00,EUR,COMPLETED,381.72
CARD_PAYMENT,Current,2024-03-15 15:00:08,2024-03-16 13:25:45,Patricia Carrigg Shoes,-100.00,0.00,EUR,COMPLETED,281.72
CARD_PAYMENT,Current,2024-03-15 13:41:06,2024-03-16 13:51:58,J And F Cafe Catering Lim,-26.10,0.00,EUR,COMPLETED,255.62
CARD_REFUND,Current,2024-03-16 00:00:00,2024-03-16 13:53:31,Budget Rent a Car,123.74,0.00,EUR,COMPLETED,379.36
CARD_PAYMENT,Current,2024-03-19 15:37:04,2024-03-20 03:51:55,Spoonies (fish + Chips,-13.30,0.00,EUR,COMPLETED,366.06
CARD_PAYMENT,Current,2024-03-19 13:14:41,2024-03-20 09:12:19,Dunnes Stores,-13.39,0.00,EUR,COMPLETED,352.67
CARD_PAYMENT,Current,2024-03-19 13:44:54,2024-03-20 13:55:29,Patrick Lyons,-8.00,0.00,EUR,COMPLETED,344.67
CARD_PAYMENT,Current,2024-03-20 18:14:13,2024-03-21 09:47:14,Dunnes Stores,-21.82,0.00,EUR,COMPLETED,322.85
CARD_PAYMENT,Current,2024-03-17 14:45:09,2024-03-21 10:38:41,J And F Cafe Catering Lim,-7.10,0.00,EUR,COMPLETED,315.75
CARD_PAYMENT,Current,2024-03-20 17:55:50,2024-03-21 11:18:35,thisistruth.ie,-35.00,0.00,EUR,COMPLETED,280.75
CARD_PAYMENT,Current,2024-03-20 17:34:24,2024-03-21 11:33:50,Boots,-23.47,0.00,EUR,COMPLETED,257.28
CARD_PAYMENT,Current,2024-03-20 15:46:31,2024-03-21 12:29:05,UTS Parking and Transportation,-1.74,0.00,EUR,COMPLETED,255.54
CARD_PAYMENT,Current,2024-03-21 13:26:53,2024-03-22 15:57:33,J And F Cafe Catering,-3.60,0.00,EUR,COMPLETED,251.94
TRANSFER,Current,2024-03-22 22:03:07,2024-03-22 22:03:07,Revolut Bank UAB,-50.00,0.00,EUR,COMPLETED,201.94
CARD_PAYMENT,Current,2024-03-22 13:44:25,2024-03-23 09:58:26,Dunnes Stores,-12.00,0.00,EUR,COMPLETED,189.94
CARD_PAYMENT,Current,2024-03-22 16:36:31,2024-03-23 11:52:55,Three,-20.00,0.00,EUR,COMPLETED,169.94
CARD_PAYMENT,Current,2024-03-22 15:47:59,2024-03-23 11:57:24,J And F Cafe Catering Lim,-7.20,0.00,EUR,COMPLETED,162.74
CARD_PAYMENT,Current,2024-03-22 13:57:33,2024-03-23 12:49:53,UTS Parking and Transportation,-3.00,0.00,EUR,COMPLETED,159.74
CARD_PAYMENT,Current,2024-03-22 19:03:47,2024-03-23 13:28:58,Dunnes Stores,-48.83,0.00,EUR,COMPLETED,110.91
TOPUP,Current,2024-03-23 18:44:13,2024-03-23 18:44:13,Payment from Vanessa Hofer,750.00,0.00,EUR,COMPLETED,860.91
TRANSFER,Current,2024-03-23 18:45:17,2024-03-23 18:45:18,Revolut Bank UAB,-450.00,0.00,EUR,COMPLETED,410.91
CARD_PAYMENT,Current,2024-03-23 14:23:25,2024-03-24 10:18:52,Eason,-5.98,0.00,EUR,COMPLETED,404.93
CARD_PAYMENT,Current,2024-03-23 13:39:38,2024-03-24 10:45:26,O'Mahony's Booksellers,-10.99,0.00,EUR,COMPLETED,393.94
CARD_PAYMENT,Current,2024-03-23 19:14:02,2024-03-24 10:46:00,Budget Rent a Car,-270.00,0.00,EUR,COMPLETED,123.94
CARD_PAYMENT,Current,2024-03-23 13:13:04,2024-03-25 09:19:43,The Wine Buff,-38.98,0.00,EUR,COMPLETED,84.96
CARD_PAYMENT,Current,2024-03-23 13:36:00,2024-03-25 09:19:52,The Art & Craft Shop L,-1.35,0.00,EUR,COMPLETED,83.61
CARD_PAYMENT,Current,2024-03-25 07:51:52,2024-03-26 04:53:57,Jc Cabs,-7.00,0.00,EUR,COMPLETED,76.61
CARD_PAYMENT,Current,2024-03-25 13:02:38,2024-03-26 10:47:18,J And F Cafe Catering Lim,-6.55,0.00,EUR,COMPLETED,70.06
CARD_PAYMENT,Current,2024-03-25 10:59:37,2024-03-26 11:43:02,UTS Parking and Transportation,-1.80,0.00,EUR,COMPLETED,68.26
CARD_PAYMENT,Current,2024-03-25 08:14:51,2024-03-26 11:43:06,UTS Parking and Transportation,-1.40,0.00,EUR,COMPLETED,66.86
CARD_PAYMENT,Current,2024-03-25 12:14:26,2024-03-27 05:22:35,Wen Cheng,-60.00,0.00,EUR,COMPLETED,6.86
CARD_PAYMENT,Current,2024-03-26 12:42:11,2024-03-27 09:04:22,Dunnes Stores,-5.25,0.00,EUR,COMPLETED,1.61
TOPUP,Current,2024-04-02 20:05:02,2024-04-02 20:05:02,Payment from Vanessa Hofer,350.00,0.00,EUR,COMPLETED,351.61
CARD_PAYMENT,Current,2024-04-02 20:05:51,,Budget Rent a Car,-1.00,0.00,EUR,REVERTED,
CARD_PAYMENT,Current,2024-04-02 20:06:14,2024-04-03 11:32:45,Budget Rent a Car,-146.26,0.00,EUR,COMPLETED,205.35
TOPUP,Current,2024-04-03 17:41:31,2024-04-03 17:41:31,Payment from Vanessa Hofer,700.00,0.00,EUR,COMPLETED,905.35
TOPUP,Current,2024-04-04 08:30:36,2024-04-04 08:30:36,Payment from Vanessa Hofer,400.00,0.00,EUR,COMPLETED,1305.35
TRANSFER,Current,2024-04-04 08:32:23,2024-04-04 08:32:24,Revolut Bank UAB,-400.00,0.00,EUR,COMPLETED,905.35
CARD_PAYMENT,Current,2024-04-03 10:01:32,2024-04-04 08:48:48,Texaco,-47.31,0.00,EUR,COMPLETED,858.04
CARD_PAYMENT,Current,2024-04-03 13:27:52,2024-04-04 09:41:38,Eurolink M4 Motorway,-3.40,0.00,EUR,COMPLETED,854.64
CARD_PAYMENT,Current,2024-04-03 11:19:07,2024-04-04 09:41:47,Eurolink M4 Motorway,-3.40,0.00,EUR,COMPLETED,851.24
CARD_PAYMENT,Current,2024-04-03 17:20:05,2024-04-04 10:28:31,Just Eat,-69.50,0.00,EUR,COMPLETED,781.74
TOPUP,Current,2024-04-04 10:47:38,2024-04-04 10:47:39,Payment from Vanessa Hofer,300.00,0.00,EUR,COMPLETED,1081.74
CARD_PAYMENT,Current,2024-04-03 14:34:14,2024-04-04 10:59:10,N6 Concession,-2.30,0.00,EUR,COMPLETED,1079.44
CARD_PAYMENT,Current,2024-04-03 10:12:51,2024-04-04 10:59:13,N6 Concession,-2.30,0.00,EUR,COMPLETED,1077.14
CARD_PAYMENT,Current,2024-04-03 17:42:41,2024-04-04 11:28:56,Allie Glynn Photo,-400.00,0.00,EUR,COMPLETED,677.14
CARD_PAYMENT,Current,2024-04-04 10:58:51,2024-04-05 09:15:19,Vaughans Garden Centre,-250.00,0.00,EUR,COMPLETED,427.14
CARD_PAYMENT,Current,2024-04-03 22:40:51,2024-04-05 10:51:56,Flightlink,-30.00,0.00,EUR,COMPLETED,397.14
CARD_PAYMENT,Current,2024-04-04 11:11:26,2024-04-05 11:37:40,Boots,-7.99,0.00,EUR,COMPLETED,389.15
CARD_PAYMENT,Current,2024-04-04 11:28:39,2024-04-05 11:42:22,J And F Cafe Catering Lim,-3.60,0.00,EUR,COMPLETED,385.55
CARD_PAYMENT,Current,2024-04-05 18:04:30,2024-04-06 11:54:57,Shannon Service Station And Car Valeting,-3.00,0.00,EUR,COMPLETED,382.55
CARD_PAYMENT,Current,2024-04-08 02:22:31,2024-04-09 09:05:19,DirectRoute,-2.30,0.00,EUR,COMPLETED,380.25
CARD_PAYMENT,Current,2024-04-08 03:21:40,2024-04-09 09:49:53,MidLink,-2.30,0.00,EUR,COMPLETED,377.95
CARD_PAYMENT,Current,2024-04-08 09:19:10,2024-04-09 11:27:03,Applegreen,-12.50,0.00,EUR,COMPLETED,365.45
CARD_PAYMENT,Current,2024-04-08 09:26:04,2024-04-09 11:27:07,Applegreen,-5.05,0.00,EUR,COMPLETED,360.40
CARD_PAYMENT,Current,2024-04-08 09:56:36,2024-04-09 11:33:04,Eurolink M3 Motorway,-1.70,0.00,EUR,COMPLETED,358.70
CARD_PAYMENT,Current,2024-04-08 08:54:07,2024-04-09 11:33:10,Eurolink M3 Motorway,-1.70,0.00,EUR,COMPLETED,357.00
CARD_PAYMENT,Current,2024-04-09 12:17:25,2024-04-10 11:29:01,48,-12.99,0.00,EUR,COMPLETED,344.01
CARD_PAYMENT,Current,2024-04-09 11:30:59,2024-04-11 12:14:55,Anna's Vending,-1.50,0.00,EUR,COMPLETED,342.51
CARD_PAYMENT,Current,2024-04-10 11:05:25,2024-04-12 09:15:32,Anna's Vending,-1.50,0.00,EUR,COMPLETED,341.01
CARD_PAYMENT,Current,2024-04-10 11:04:58,2024-04-12 09:15:34,Anna's Vending,-1.50,0.00,EUR,COMPLETED,339.51
CARD_PAYMENT,Current,2024-04-10 13:24:49,2024-04-12 09:15:35,Anna's Vending,-1.50,0.00,EUR,COMPLETED,338.01
CARD_REFUND,Current,2024-04-12 01:00:00,2024-04-12 12:34:11,Budget Rent a Car,146.25,0.00,EUR,COMPLETED,484.26
CARD_PAYMENT,Current,2024-04-12 18:54:44,2024-04-13 10:32:17,Dunnes Stores,-40.74,0.00,EUR,COMPLETED,443.52
CARD_PAYMENT,Current,2024-04-12 13:21:16,2024-04-14 09:17:55,Anna's Vending,-2.00,0.00,EUR,COMPLETED,441.52
CARD_PAYMENT,Current,2024-04-12 11:20:12,2024-04-14 09:18:02,Anna's Vending,-1.50,0.00,EUR,COMPLETED,440.02
CARD_PAYMENT,Current,2024-04-13 16:51:04,2024-04-14 09:57:54,Dunnes Stores,-13.54,0.00,EUR,COMPLETED,426.48
CARD_PAYMENT,Current,2024-04-13 14:08:23,2024-04-14 11:44:35,J And F Cafe Catering Lim,-9.40,0.00,EUR,COMPLETED,417.08
CARD_PAYMENT,Current,2024-04-15 16:28:03,2024-04-16 09:32:30,Dunnes Stores,-32.07,0.00,EUR,COMPLETED,385.01
CARD_PAYMENT,Current,2024-04-16 14:49:32,2024-04-17 09:06:34,Dunnes Stores,-6.40,0.00,EUR,COMPLETED,378.61
CARD_PAYMENT,Current,2024-04-16 08:39:32,2024-04-17 10:26:45,Centra,-3.04,0.00,EUR,COMPLETED,375.57
CARD_PAYMENT,Current,2024-04-16 18:43:06,2024-04-17 11:26:29,Tesco,-19.81,0.00,EUR,COMPLETED,355.76
CARD_PAYMENT,Current,2024-04-15 13:28:16,2024-04-17 11:58:33,Anna's Vending,-2.00,0.00,EUR,COMPLETED,353.76
CARD_PAYMENT,Current,2024-04-17 20:27:15,2024-04-18 09:09:55,Dunnes Stores,-9.53,0.00,EUR,COMPLETED,344.23
CARD_PAYMENT,Current,2024-04-17 11:16:42,2024-04-18 11:09:37,J And F Cafe Catering Lim,-3.60,0.00,EUR,COMPLETED,340.63
CARD_PAYMENT,Current,2024-04-18 13:26:36,2024-04-19 09:55:13,Spar,-5.85,0.00,EUR,COMPLETED,334.78
CARD_PAYMENT,Current,2024-04-18 18:29:45,2024-04-19 10:00:59,Dunnes Stores,-32.98,0.00,EUR,COMPLETED,301.80
CARD_PAYMENT,Current,2024-04-15 22:27:16,2024-04-19 10:38:29,Amazon,-93.32,0.00,EUR,COMPLETED,208.48
CARD_PAYMENT,Current,2024-04-19 17:30:32,2024-04-22 17:08:00,Dunnes Stores,-21.56,0.00,EUR,COMPLETED,186.92
CARD_PAYMENT,Current,2024-04-19 14:12:42,2024-04-22 17:08:04,Dunnes Stores,-6.40,0.00,EUR,COMPLETED,180.52
CARD_PAYMENT,Current,2024-04-20 18:43:43,2024-04-22 20:23:03,Fawls Bar,-11.20,0.00,EUR,COMPLETED,169.32
CARD_PAYMENT,Current,2024-04-20 15:23:01,2024-04-22 22:42:06,J And F Cafe Catering Lim,-3.60,0.00,EUR,COMPLETED,165.72
CARD_PAYMENT,Current,2024-04-21 11:40:46,2024-04-22 23:33:09,Dunnes Stores,-66.78,0.00,EUR,COMPLETED,98.94
CARD_PAYMENT,Current,2024-04-21 10:59:53,2024-04-23 02:47:58,J And F Cafe Catering Lim,-10.30,0.00,EUR,COMPLETED,88.64
CARD_PAYMENT,Current,2024-04-22 18:18:16,2024-04-23 09:09:11,Dunnes Stores,-9.20,0.00,EUR,COMPLETED,79.44
CARD_PAYMENT,Current,2024-04-22 19:50:10,2024-04-23 09:09:12,Dunnes Stores,-14.43,0.00,EUR,COMPLETED,65.01
CARD_PAYMENT,Current,2024-04-22 18:09:05,2024-04-23 10:24:54,Lana,-21.50,0.00,EUR,COMPLETED,43.51
CARD_PAYMENT,Current,2024-04-23 14:10:03,2024-04-24 08:47:36,Dunnes Stores,-6.25,0.00,EUR,COMPLETED,37.26
CARD_PAYMENT,Current,2024-04-24 13:47:09,2024-04-25 09:07:49,Dunnes Stores,-7.90,0.00,EUR,COMPLETED,29.36
CARD_PAYMENT,Current,2024-04-24 17:26:39,2024-04-25 10:22:24,J And F Cafe Catering Lim,-10.15,0.00,EUR,COMPLETED,19.21
TOPUP,Current,2024-04-25 13:31:23,2024-04-25 13:31:23,Payment from Vanessa Hofer,50.00,0.00,EUR,COMPLETED,69.21
CARD_PAYMENT,Current,2024-04-25 13:32:47,2024-04-26 09:37:44,Dunnes Stores,-32.87,0.00,EUR,COMPLETED,36.34
CARD_PAYMENT,Current,2024-04-25 17:00:10,2024-04-26 10:11:38,Copper Jug,-3.50,0.00,EUR,COMPLETED,32.84
CARD_PAYMENT,Current,2024-04-25 13:16:27,2024-04-26 11:16:40,Boots,-8.49,0.00,EUR,COMPLETED,24.35
CARD_PAYMENT,Current,2024-04-25 17:19:21,2024-04-27 09:41:36,O'Connors Bakery,-5.00,0.00,EUR,COMPLETED,19.35
CARD_PAYMENT,Current,2024-04-26 16:21:36,2024-04-27 10:28:49,Dunnes Stores,-15.05,0.00,EUR,COMPLETED,4.30
TOPUP,Current,2024-04-27 13:18:45,2024-04-27 13:18:46,Payment from Vanessa Hofer,333.23,0.00,EUR,COMPLETED,337.53
TRANSFER,Current,2024-04-27 13:20:32,2024-04-27 13:20:32,Revolut Bank UAB,-50.00,0.00,EUR,COMPLETED,287.53
CARD_PAYMENT,Current,2024-04-27 17:44:25,2024-04-28 09:41:22,Dunnes Stores,-39.82,0.00,EUR,COMPLETED,247.71
CARD_PAYMENT,Current,2024-04-27 15:56:10,2024-04-28 10:51:51,J And F Cafe Catering Lim,-13.65,0.00,EUR,COMPLETED,234.06
CARD_PAYMENT,Current,2024-04-29 09:46:03,2024-04-30 11:48:09,Civil Registration Office,-20.00,0.00,EUR,COMPLETED,214.06
CARD_PAYMENT,Current,2024-04-29 17:07:40,2024-04-30 12:08:29,J And F Cafe Catering Lim,-8.10,0.00,EUR,COMPLETED,205.96
CARD_PAYMENT,Current,2024-04-30 17:01:46,2024-05-01 11:55:19,J And F Cafe Catering Lim,-5.90,0.00,EUR,COMPLETED,200.06
CARD_PAYMENT,Current,2024-05-01 16:58:09,2024-05-02 09:37:28,Supermac's,-3.95,0.00,EUR,COMPLETED,196.11
CARD_PAYMENT,Current,2024-05-04 15:51:17,2024-05-05 11:00:59,J And F Cafe Catering Lim,-9.50,0.00,EUR,COMPLETED,186.61
CARD_PAYMENT,Current,2024-05-07 17:04:18,2024-05-08 09:44:12,O'Connors Bakery,-3.40,0.00,EUR,COMPLETED,183.21
CARD_PAYMENT,Current,2024-05-07 19:03:19,2024-05-08 11:47:35,Supermac's,-29.70,0.00,EUR,COMPLETED,153.51
CARD_PAYMENT,Current,2024-05-08 18:32:45,2024-05-09 09:30:15,Dublin Coach,-50.00,0.00,EUR,COMPLETED,103.51
CARD_PAYMENT,Current,2024-05-08 18:27:36,2024-05-09 09:30:16,Dublin Coach,-50.00,0.00,EUR,COMPLETED,53.51
CARD_PAYMENT,Current,2024-05-07 13:40:37,2024-05-09 10:13:44,Anna's Vending,-1.60,0.00,EUR,COMPLETED,51.91
CARD_PAYMENT,Current,2024-05-08 08:30:16,2024-05-09 10:41:02,Xl,-1.20,0.00,EUR,COMPLETED,50.71
CARD_PAYMENT,Current,2024-05-08 17:03:43,2024-05-09 12:41:03,J And F Cafe Catering Lim,-9.50,0.00,EUR,COMPLETED,41.21
CARD_PAYMENT,Current,2024-05-08 13:20:27,2024-05-10 10:09:20,Anna's Vending,-1.50,0.00,EUR,COMPLETED,39.71
CARD_PAYMENT,Current,2024-05-10 13:45:38,2024-05-11 10:11:26,Ballyvaughan Service Station,-2.00,0.00,EUR,COMPLETED,37.71
TRANSFER,Current,2024-05-11 18:52:26,2024-05-11 18:52:27,Revolut Bank UAB,245.00,0.00,EUR,COMPLETED,282.71
TRANSFER,Current,2024-05-11 22:10:18,2024-05-11 22:10:18,Revolut Bank UAB,0.61,0.00,EUR,COMPLETED,283.32
CARD_PAYMENT,Current,2024-05-12 17:31:41,2024-05-13 11:27:25,Supermac's,-26.70,0.00,EUR,COMPLETED,256.62
CARD_PAYMENT,Current,2024-05-14 17:02:25,2024-05-15 10:33:12,Costa Coffee,-8.65,0.00,EUR,COMPLETED,247.97
CARD_PAYMENT,Current,2024-05-12 17:35:04,2024-05-15 12:40:37,48,-12.99,0.00,EUR,COMPLETED,234.98
CARD_PAYMENT,Current,2024-05-15 08:27:29,2024-05-16 16:04:02,Taxi,-7.60,0.00,EUR,COMPLETED,227.38
TOPUP,Current,2024-05-16 17:54:08,2024-05-16 17:54:09,Payment from Vanessa Hofer,400.00,0.00,EUR,COMPLETED,627.38
CARD_PAYMENT,Current,2024-05-15 11:26:40,2024-05-17 10:35:43,Anna's Vending,-1.60,0.00,EUR,COMPLETED,625.78
CARD_PAYMENT,Current,2024-05-16 12:10:17,2024-05-17 10:36:16,Three,-20.00,0.00,EUR,COMPLETED,605.78
CARD_PAYMENT,Current,2024-05-15 16:59:26,2024-05-17 10:47:56,James O'Keefe's,-10.40,0.00,EUR,COMPLETED,595.38
CARD_PAYMENT,Current,2024-05-16 15:38:58,2024-05-17 10:53:09,Venture Out,-59.95,0.00,EUR,COMPLETED,535.43
CARD_PAYMENT,Current,2024-05-16 08:31:50,2024-05-17 11:36:04,Xl,-3.30,0.00,EUR,COMPLETED,532.13
CARD_PAYMENT,Current,2024-05-16 17:56:00,2024-05-17 12:32:30,Budget Rent a Car,-128.00,0.00,EUR,COMPLETED,404.13
CARD_PAYMENT,Current,2024-05-18 11:10:55,,Phoebes Patisseri,-13.70,0.00,EUR,REVERTED,
CARD_PAYMENT,Current,2024-05-17 18:09:05,2024-05-18 11:34:22,Bus Éireann,-18.10,0.00,EUR,COMPLETED,386.03
CARD_PAYMENT,Current,2024-05-18 11:18:34,2024-05-19 08:54:05,Phoebes Patisseri,-13.70,0.00,EUR,COMPLETED,372.33
CARD_PAYMENT,Current,2024-05-18 19:25:14,2024-05-19 11:00:12,E J Kings Bar & Restaurant,-32.50,0.00,EUR,COMPLETED,339.83
CARD_PAYMENT,Current,2024-05-19 11:39:18,2024-05-20 09:23:26,Coffee Cottage,-26.40,0.00,EUR,COMPLETED,313.43
CARD_PAYMENT,Current,2024-05-21 14:20:51,2024-05-22 09:35:58,Dunnes Stores,-14.30,0.00,EUR,COMPLETED,299.13
CARD_PAYMENT,Current,2024-05-21 14:14:27,2024-05-22 09:35:58,Dunnes Stores,-33.58,0.00,EUR,COMPLETED,265.55
CARD_PAYMENT,Current,2024-05-22 10:55:59,2024-05-23 09:24:14,T.M. Office Supplies,-11.50,0.00,EUR,COMPLETED,254.05
CARD_PAYMENT,Current,2024-05-23 17:22:33,2024-05-24 09:19:52,Istanbul Restaurant,-12.50,0.00,EUR,COMPLETED,241.55
CARD_PAYMENT,Current,2024-05-23 17:07:41,2024-05-24 09:23:23,Wonder Photo Shop,-15.98,0.00,EUR,COMPLETED,225.57
CARD_PAYMENT,Current,2024-05-23 17:18:39,2024-05-24 09:30:01,T.M. Office Supplies,-10.80,0.00,EUR,COMPLETED,214.77
CARD_PAYMENT,Current,2024-05-23 08:24:11,2024-05-24 10:54:25,Enis Haziri,-6.60,0.00,EUR,COMPLETED,208.17
CARD_REFUND,Current,2024-05-24 11:55:11,2024-05-25 09:58:44,Venture Out,59.95,0.00,EUR,COMPLETED,268.12
CARD_PAYMENT,Current,2024-05-23 13:40:21,2024-05-25 10:16:27,Anna's Vending,-2.00,0.00,EUR,COMPLETED,266.12
CARD_PAYMENT,Current,2024-05-23 11:05:57,2024-05-25 10:16:30,Anna's Vending,-1.60,0.00,EUR,COMPLETED,264.52
CARD_PAYMENT,Current,2024-05-24 19:47:54,2024-05-25 10:18:53,Supermac's,-23.40,0.00,EUR,COMPLETED,241.12
CARD_PAYMENT,Current,2024-05-24 12:06:02,2024-05-25 11:58:43,J And F Cafe Catering Lim,-13.10,0.00,EUR,COMPLETED,228.02
CARD_PAYMENT,Current,2024-05-25 13:52:57,2024-05-26 09:57:55,Dunnes Stores,-1.69,0.00,EUR,COMPLETED,226.33
CARD_PAYMENT,Current,2024-05-25 12:16:12,2024-05-26 11:40:22,J And F Cafe Catering Lim,-3.60,0.00,EUR,COMPLETED,222.73
TOPUP,Current,2024-05-27 18:55:37,2024-05-27 18:55:37,Payment from Vanessa Hofer,300.00,0.00,EUR,COMPLETED,522.73
CARD_PAYMENT,Current,2024-05-27 11:18:59,2024-05-28 09:37:49,Zest!,-5.50,0.00,EUR,COMPLETED,517.23
CARD_PAYMENT,Current,2024-05-27 18:20:22,2024-05-28 09:48:38,Dunnes Stores,-11.89,0.00,EUR,COMPLETED,505.34
CARD_PAYMENT,Current,2024-05-24 12:00:40,2024-05-28 11:11:48,An Post,-19.00,0.00,EUR,COMPLETED,486.34
CARD_PAYMENT,Current,2024-05-27 17:42:06,2024-05-28 11:48:08,thisistruth.ie,-55.00,0.00,EUR,COMPLETED,431.34
CARD_PAYMENT,Current,2024-05-28 17:43:10,2024-05-29 09:37:33,The Beautique Urban Retreat,-55.00,0.00,EUR,COMPLETED,376.34
CARD_PAYMENT,Current,2024-05-29 17:05:46,2024-05-30 15:05:29,J And F Cafe Catering Lim,-9.50,0.00,EUR,COMPLETED,366.84
CARD_PAYMENT,Current,2024-05-30 08:31:09,2024-05-31 10:47:13,Xl,-5.35,0.00,EUR,COMPLETED,361.49
TOPUP,Current,2024-05-31 22:56:06,2024-05-31 22:56:06,Payment from Vanessa Hofer,300.00,0.00,EUR,COMPLETED,661.49
CARD_PAYMENT,Current,2024-05-30 11:21:44,2024-06-01 10:44:49,Anna's Vending,-1.60,0.00,EUR,COMPLETED,659.89
CARD_PAYMENT,Current,2024-05-31 19:49:20,2024-06-01 11:52:55,Dunnes Stores,-6.00,0.00,EUR,COMPLETED,653.89
CARD_PAYMENT,Current,2024-05-31 18:17:06,2024-06-01 11:52:58,Dunnes Stores,-20.02,0.00,EUR,COMPLETED,633.87
CARD_PAYMENT,Current,2024-05-31 13:04:54,2024-06-01 17:52:09,J And F Cafe Catering Lim,-15.65,0.00,EUR,COMPLETED,618.22
TRANSFER,Current,2024-06-02 10:13:41,2024-06-02 10:13:41,Revolut Bank UAB,152.00,0.00,EUR,COMPLETED,770.22
CARD_PAYMENT,Current,2024-06-01 15:55:32,2024-06-02 10:18:13,WHSmith,-7.00,0.00,EUR,COMPLETED,763.22
CARD_PAYMENT,Current,2024-05-31 18:40:52,2024-06-02 10:29:03,Taylor's Bar & Beer Garden,-11.60,0.00,EUR,COMPLETED,751.62
CARD_PAYMENT,Current,2024-05-31 19:10:20,2024-06-02 10:29:12,Taylor's Bar & Beer Garden,-5.70,0.00,EUR,COMPLETED,745.92
CARD_PAYMENT,Current,2024-06-01 09:20:47,2024-06-02 15:30:15,J And F Cafe Catering Lim,-30.00,0.00,EUR,COMPLETED,715.92
CARD_PAYMENT,Current,2024-06-01 20:45:57,2024-06-02 15:35:27,Rīgas satiksme,-3.62,0.00,EUR,COMPLETED,712.30
CARD_PAYMENT,Current,2024-06-01 15:23:20,2024-06-03 10:57:37,Marqette,-8.20,0.00,EUR,COMPLETED,704.10
CARD_PAYMENT,Current,2024-06-01 15:21:11,2024-06-03 11:01:47,Wrights of Howth,-12.55,0.00,EUR,COMPLETED,691.55
TOPUP,Current,2024-06-03 11:52:13,2024-06-03 11:52:13,Payment from Vanessa Hofer,850.00,0.00,EUR,COMPLETED,1541.55
TOPUP,Current,2024-06-03 11:52:13,2024-06-03 11:52:14,Payment from Vanessa Hofer,300.00,0.00,EUR,COMPLETED,1841.55
CARD_PAYMENT,Current,2024-06-02 09:19:09,2024-06-03 12:35:42,Big Bad Bagels Baznicas,-21.00,0.00,EUR,COMPLETED,1820.55
CARD_PAYMENT,Current,2024-05-31 23:34:08,2024-06-05 09:39:35,Ryanair,-49.00,0.00,EUR,COMPLETED,1771.55
CARD_PAYMENT,Current,2024-06-04 17:53:56,2024-06-05 11:34:55,Caurlaizu Ap. Nr.14,-3.00,0.00,EUR,COMPLETED,1768.55
CARD_PAYMENT,Current,2024-06-04 13:29:57,2024-06-05 11:42:35,Mali,-7.00,0.00,EUR,COMPLETED,1761.55
CARD_PAYMENT,Current,2024-06-05 15:03:54,2024-06-06 11:33:43,Rimi,-0.94,0.00,EUR,COMPLETED,1760.61
CARD_PAYMENT,Current,2024-06-05 09:58:45,2024-06-06 11:34:30,Apotheka 32,-23.19,0.00,EUR,COMPLETED,1737.42
CARD_PAYMENT,Current,2024-06-08 15:32:58,2024-06-09 10:48:51,Circle K Gas Station,-40.01,0.00,EUR,COMPLETED,1697.41
CARD_PAYMENT,Current,2024-06-08 19:46:31,2024-06-10 10:41:33,Elvi,-7.08,0.00,EUR,COMPLETED,1690.33
CARD_PAYMENT,Current,2024-06-09 10:33:27,2024-06-10 10:47:50,"Marzipan, cafe-bakery, Ltd. ""Gatvess""",-14.50,0.00,EUR,COMPLETED,1675.83
CARD_PAYMENT,Current,2024-06-09 17:05:19,2024-06-10 17:40:48,Rb Kapteinis Sia,-50.00,0.00,EUR,COMPLETED,1625.83
CARD_PAYMENT,Current,2024-06-10 13:07:56,2024-06-11 11:49:34,Kursas Zeme,-32.00,0.00,EUR,COMPLETED,1593.83
CARD_PAYMENT,Current,2024-06-10 20:11:59,2024-06-11 11:49:40,Portugal Sia,-11.80,0.00,EUR,COMPLETED,1582.03
CARD_PAYMENT,Current,2024-06-10 19:19:20,2024-06-11 11:52:07,Rimi,-2.59,0.00,EUR,COMPLETED,1579.44
CARD_PAYMENT,Current,2024-06-10 19:18:49,2024-06-11 11:52:12,Rimi,-10.22,0.00,EUR,COMPLETED,1569.22
CARD_PAYMENT,Current,2024-06-11 21:20:54,2024-06-12 08:42:43,Supermac's,-29.05,0.00,EUR,COMPLETED,1540.17
CARD_PAYMENT,Current,2024-06-02 10:15:14,2024-06-12 10:46:28,Transporent Auto Noma,-404.02,0.00,EUR,COMPLETED,1136.15
CARD_PAYMENT,Current,2024-06-11 11:37:23,2024-06-12 10:50:34,Sweet Delights,-35.50,0.00,EUR,COMPLETED,1100.65
CARD_PAYMENT,Current,2024-06-11 08:50:48,2024-06-12 10:50:51,Tpdnan Skunu Iela,-22.00,0.00,EUR,COMPLETED,1078.65
CARD_PAYMENT,Current,2024-06-11 09:23:55,2024-06-12 10:54:19,Circle K Gas Station,-70.51,0.00,EUR,COMPLETED,1008.14
CARD_PAYMENT,Current,2024-06-11 16:21:42,2024-06-12 11:01:54,28301453 Dub District 6 S,-9.65,0.00,EUR,COMPLETED,998.49
CARD_PAYMENT,Current,2024-06-12 11:18:35,2024-06-13 09:51:33,Dunnes Stores,-30.37,0.00,EUR,COMPLETED,968.12
CARD_PAYMENT,Current,2024-06-12 11:30:51,2024-06-13 09:51:39,Dunnes Stores,-9.95,0.00,EUR,COMPLETED,958.17
CARD_PAYMENT,Current,2024-06-12 23:16:39,2024-06-13 10:45:49,48,-12.99,0.00,EUR,COMPLETED,945.18
CARD_PAYMENT,Current,2024-06-13 16:33:42,2024-06-14 10:42:25,Dunnes Stores,-17.46,0.00,EUR,COMPLETED,927.72
CARD_PAYMENT,Current,2024-06-15 13:23:33,2024-06-16 10:23:54,Dunnes Stores,-71.06,0.00,EUR,COMPLETED,856.66
CARD_PAYMENT,Current,2024-06-17 17:33:28,2024-06-18 10:18:12,Dunnes Stores,-26.02,0.00,EUR,COMPLETED,830.64
CARD_PAYMENT,Current,2024-06-18 11:24:05,2024-06-19 09:56:20,Three,-20.00,0.00,EUR,COMPLETED,810.64
CARD_PAYMENT,Current,2024-06-18 08:22:57,2024-06-19 12:21:13,Grace Taxis,-7.00,0.00,EUR,COMPLETED,803.64
CARD_PAYMENT,Current,2024-06-18 11:30:44,2024-06-19 12:23:29,Boots,-13.48,0.00,EUR,COMPLETED,790.16
TRANSFER,Current,2024-06-21 10:20:33,2024-06-21 10:20:33,Revolut Bank UAB,-40.00,0.00,EUR,COMPLETED,750.16
CARD_PAYMENT,Current,2024-06-20 14:24:30,2024-06-21 10:56:33,Dunnes Stores,-53.34,0.00,EUR,COMPLETED,696.82
CARD_PAYMENT,Current,2024-06-20 08:21:02,2024-06-21 11:18:10,Taxi,-6.80,0.00,EUR,COMPLETED,690.02
CARD_PAYMENT,Current,2024-06-21 19:12:35,2024-06-22 10:58:04,Dunnes Stores,-41.57,0.00,EUR,COMPLETED,648.45
CARD_PAYMENT,Current,2024-06-22 17:16:29,2024-06-23 09:59:27,Dunnes Stores,-23.20,0.00,EUR,COMPLETED,625.25
CARD_PAYMENT,Current,2024-06-23 17:56:53,2024-06-24 10:20:08,Dunnes Stores,-3.59,0.00,EUR,COMPLETED,621.66
CARD_PAYMENT,Current,2024-06-22 18:35:43,2024-06-24 12:08:12,Amazon,-11.77,0.00,EUR,COMPLETED,609.89
CARD_PAYMENT,Current,2024-06-24 19:00:32,2024-06-25 09:39:06,Lana,-28.50,0.00,EUR,COMPLETED,581.39
CARD_PAYMENT,Current,2024-06-24 19:09:32,2024-06-25 11:51:37,Dunnes Stores,-7.73,0.00,EUR,COMPLETED,573.66
TRANSFER,Current,2024-06-26 11:03:22,2024-06-26 11:03:23,Revolut Bank UAB,-101.00,0.00,EUR,COMPLETED,472.66
CARD_PAYMENT,Current,2024-06-26 08:24:47,2024-06-27 10:53:13,Centra,-4.64,0.00,EUR,COMPLETED,468.02
CARD_PAYMENT,Current,2024-06-26 18:40:02,2024-06-27 11:43:56,Dunnes Stores,-57.54,0.00,EUR,COMPLETED,410.48
CARD_PAYMENT,Current,2024-06-26 17:05:30,2024-06-27 12:21:10,O'Mahony's Booksellers,-16.99,0.00,EUR,COMPLETED,393.49
CARD_PAYMENT,Current,2024-06-28 16:32:11,2024-06-29 10:47:12,J And F Cafe Catering Lim,-3.60,0.00,EUR,COMPLETED,389.89
CARD_PAYMENT,Current,2024-06-28 18:52:07,2024-06-29 12:08:12,Dunnes Stores,-30.10,0.00,EUR,COMPLETED,359.79
CARD_PAYMENT,Current,2024-06-28 08:26:08,2024-06-29 19:10:18,Brendan Tuohy,-6.80,0.00,EUR,COMPLETED,352.99
CARD_PAYMENT,Current,2024-06-28 19:28:59,2024-06-29 20:04:21,The Beautique Urban Retreat,-55.00,0.00,EUR,COMPLETED,297.99
CARD_PAYMENT,Current,2024-06-29 17:34:14,2024-06-30 09:53:33,Kellys,-4.00,0.00,EUR,COMPLETED,293.99
CARD_PAYMENT,Current,2024-06-29 19:54:37,2024-06-30 10:37:25,Dunnes Stores,-2.09,0.00,EUR,COMPLETED,291.90
CARD_PAYMENT,Current,2024-06-29 19:53:22,2024-06-30 10:37:41,Dunnes Stores,-7.92,0.00,EUR,COMPLETED,283.98
CARD_PAYMENT,Current,2024-06-28 10:39:04,2024-06-30 10:53:33,Anna's Vending,-1.60,0.00,EUR,COMPLETED,282.38
CARD_PAYMENT,Current,2024-06-30 14:16:48,2024-07-01 11:52:12,Dunnes Stores,-28.72,0.00,EUR,COMPLETED,253.66
CARD_PAYMENT,Current,2024-06-30 14:42:40,2024-07-01 12:16:35,Home Store Extra,-3.50,0.00,EUR,COMPLETED,250.16
CARD_PAYMENT,Current,2024-06-30 13:53:00,2024-07-01 14:03:56,Boots,-39.99,0.00,EUR,COMPLETED,210.17
CARD_PAYMENT,Current,2024-07-02 16:30:25,2024-07-03 10:15:19,Kellys,-6.00,0.00,EUR,COMPLETED,204.17
CARD_PAYMENT,Current,2024-07-02 15:30:48,2024-07-03 10:17:11,Three,-20.00,0.00,EUR,COMPLETED,184.17
CARD_PAYMENT,Current,2024-07-02 16:03:27,2024-07-03 10:27:04,Dunnes Stores,-24.09,0.00,EUR,COMPLETED,160.08
CARD_PAYMENT,Current,2024-07-02 17:14:23,2024-07-03 10:27:05,Dunnes Stores,-5.98,0.00,EUR,COMPLETED,154.10
CARD_PAYMENT,Current,2024-07-04 17:05:24,2024-07-05 11:27:40,Dunnes Stores,-41.26,0.00,EUR,COMPLETED,112.84
CARD_PAYMENT,Current,2024-07-04 11:37:13,2024-07-06 12:11:06,Anna's Vending,-1.60,0.00,EUR,COMPLETED,111.24
CARD_PAYMENT,Current,2024-07-04 15:56:34,2024-07-06 12:11:14,Anna's Vending,-1.60,0.00,EUR,COMPLETED,109.64
CARD_PAYMENT,Current,2024-07-07 10:30:06,2024-07-08 11:37:48,Dunnes Stores,-60.61,0.00,EUR,COMPLETED,49.03
CARD_PAYMENT,Current,2024-07-08 13:24:05,2024-07-10 11:02:39,Anna's Vending,-1.60,0.00,EUR,COMPLETED,47.43
CARD_PAYMENT,Current,2024-07-09 16:52:17,2024-07-10 16:55:50,J And F Cafe Catering Lim,-3.60,0.00,EUR,COMPLETED,43.83
CARD_PAYMENT,Current,2024-07-10 08:28:43,2024-07-11 11:10:12,Xl,-3.00,0.00,EUR,COMPLETED,40.83
CARD_PAYMENT,Current,2024-07-10 17:53:50,2024-07-11 11:12:20,Dunnes Stores,-8.79,0.00,EUR,COMPLETED,32.04
CARD_PAYMENT,Current,2024-07-09 11:31:30,2024-07-11 12:52:23,Anna's Vending,-1.60,0.00,EUR,COMPLETED,30.44
CARD_PAYMENT,Current,2024-07-11 08:31:36,2024-07-12 12:01:13,Xl,-3.00,0.00,EUR,COMPLETED,27.44
TOPUP,Current,2024-07-12 16:52:45,2024-07-12 16:52:45,Payment from Vanessa Hofer,100.00,0.00,EUR,COMPLETED,127.44
CARD_PAYMENT,Current,2024-07-12 20:49:05,2024-07-13 11:32:27,DirectRoute,-2.30,0.00,EUR,COMPLETED,125.14
CARD_PAYMENT,Current,2024-07-12 17:00:23,2024-07-13 11:47:36,Dunnes Stores,-17.75,0.00,EUR,COMPLETED,107.39
CARD_PAYMENT,Current,2024-07-12 20:18:19,2024-07-13 11:55:13,Dunnes Stores,-2.00,0.00,EUR,COMPLETED,105.39
CARD_PAYMENT,Current,2024-07-12 20:15:28,2024-07-13 11:55:20,Dunnes Stores,-7.37,0.00,EUR,COMPLETED,98.02
CARD_PAYMENT,Current,2024-07-12 22:40:00,2024-07-13 12:15:03,48,-12.99,0.00,EUR,COMPLETED,85.03
CARD_PAYMENT,Current,2024-07-12 14:29:49,2024-07-13 12:22:23,Bus Éireann,-6.80,0.00,EUR,COMPLETED,78.23
TOPUP,Current,2024-07-14 09:33:32,2024-07-14 09:33:32,Payment from Vanessa Hofer,150.00,0.00,EUR,COMPLETED,228.23
CARD_PAYMENT,Current,2024-07-13 12:33:35,2024-07-14 10:18:49,Eco,-17.00,0.00,EUR,COMPLETED,211.23
CARD_PAYMENT,Current,2024-07-13 14:23:52,2024-07-14 10:19:16,Sheila's Hostel,-5.00,0.00,EUR,COMPLETED,206.23
CARD_PAYMENT,Current,2024-07-13 10:02:28,2024-07-14 12:08:55,The Mill,-12.00,0.00,EUR,COMPLETED,194.23
CARD_PAYMENT,Current,2024-07-13 15:17:25,2024-07-14 12:36:43,H&M,-21.98,0.00,EUR,COMPLETED,172.25
CARD_PAYMENT,Current,2024-07-13 12:35:50,2024-07-14 12:42:05,Lcc,-9.50,0.00,EUR,COMPLETED,162.75
CARD_PAYMENT,Current,2024-07-14 01:01:41,2024-07-15 10:44:52,DirectRoute,-2.30,0.00,EUR,COMPLETED,160.45
CARD_PAYMENT,Current,2024-07-14 18:26:20,2024-07-15 11:35:47,Dunnes Stores,-10.17,0.00,EUR,COMPLETED,150.28
CARD_PAYMENT,Current,2024-07-14 10:41:54,2024-07-15 11:35:50,Dunnes Stores,-59.49,0.00,EUR,COMPLETED,90.79
CARD_PAYMENT,Current,2024-07-14 15:47:59,2024-07-15 12:03:43,EUROSPAR,-5.50,0.00,EUR,COMPLETED,85.29
CARD_PAYMENT,Current,2024-07-14 16:41:49,2024-07-15 12:05:19,Shannon Service Station And Car Valeting,-50.86,0.00,EUR,COMPLETED,34.43
CARD_PAYMENT,Current,2024-07-17 18:50:45,2024-07-18 11:53:25,Supermac's,-19.85,0.00,EUR,COMPLETED,14.58
TOPUP,Current,2024-07-22 15:22:41,2024-07-22 15:22:41,Payment from Vanessa Hofer,100.00,0.00,EUR,COMPLETED,114.58
CARD_PAYMENT,Current,2024-07-22 15:40:24,2024-07-23 10:32:15,Dunnes Stores,-27.53,0.00,EUR,COMPLETED,87.05
TOPUP,Current,2024-07-27 17:55:01,2024-07-27 17:55:02,Payment from Vanessa Hofer,150.00,0.00,EUR,COMPLETED,237.05
CARD_PAYMENT,Current,2024-07-27 17:59:00,2024-07-29 10:58:52,Dublin Coach,-51.00,0.00,EUR,COMPLETED,186.05
CARD_PAYMENT,Current,2024-07-28 13:30:40,2024-07-29 11:42:16,Dunnes Stores,-17.34,0.00,EUR,COMPLETED,168.71
TRANSFER,Current,2024-07-29 23:57:54,2024-07-29 23:57:54,Revolut Bank UAB,-15.00,0.00,EUR,COMPLETED,153.71
CARD_PAYMENT,Current,2024-07-29 17:21:25,2024-07-30 09:02:19,J And F Cafe Catering Lim,-6.55,0.00,EUR,COMPLETED,147.16
CARD_PAYMENT,Current,2024-07-27 17:51:23,2024-07-30 10:30:15,Ryanair,-80.47,0.00,EUR,COMPLETED,66.69
CARD_PAYMENT,Current,2024-07-30 11:34:30,2024-08-01 10:48:44,Anna's Vending,-2.30,0.00,EUR,COMPLETED,64.39
CARD_PAYMENT,Current,2024-08-01 17:46:20,2024-08-02 12:19:13,Istanbul Restaurant,-26.50,0.00,EUR,COMPLETED,37.89
CARD_PAYMENT,Current,2024-08-01 16:45:48,2024-08-02 12:25:45,Three,-20.00,0.00,EUR,COMPLETED,17.89
CARD_PAYMENT,Current,2024-08-01 08:21:50,2024-08-02 12:58:39,Xl,-1.20,0.00,EUR,COMPLETED,16.69
TOPUP,Current,2024-08-03 19:26:01,2024-08-03 19:26:02,Payment from Vanessa Hofer,100.00,0.00,EUR,COMPLETED,116.69
CARD_PAYMENT,Current,2024-08-03 19:48:39,2024-08-04 10:17:43,Dunnes Stores,-30.93,0.00,EUR,COMPLETED,85.76
CARD_PAYMENT,Current,2024-08-04 20:50:24,2024-08-05 11:12:53,Yolo Bar & Restaurant,-12.00,0.00,EUR,COMPLETED,73.76
CARD_PAYMENT,Current,2024-08-04 21:17:26,2024-08-05 11:12:55,Yolo Bar & Restaurant,-5.80,0.00,EUR,COMPLETED,67.96
CARD_PAYMENT,Current,2024-08-01 13:30:58,2024-08-07 10:30:42,Anna's Vending,-2.30,0.00,EUR,COMPLETED,65.66
CARD_PAYMENT,Current,2024-08-06 14:00:10,2024-08-08 11:11:59,Anna's Vending,-1.60,0.00,EUR,COMPLETED,64.06
CARD_PAYMENT,Current,2024-08-06 11:18:43,2024-08-08 11:12:07,Anna's Vending,-2.30,0.00,EUR,COMPLETED,61.76
CARD_PAYMENT,Current,2024-08-07 08:32:22,2024-08-08 11:44:55,Xl,-3.30,0.00,EUR,COMPLETED,58.46
CARD_PAYMENT,Current,2024-08-08 15:52:20,2024-08-09 09:40:14,Dunnes Stores,-24.73,0.00,EUR,COMPLETED,33.73
CARD_PAYMENT,Current,2024-08-08 16:51:32,2024-08-09 11:01:43,J And F Cafe Catering Lim,-3.60,0.00,EUR,COMPLETED,30.13
CARD_PAYMENT,Current,2024-08-08 13:33:57,2024-08-10 10:58:33,Anna's Vending,-1.60,0.00,EUR,COMPLETED,28.53
TRANSFER,Current,2024-08-12 11:17:03,2024-08-12 11:17:03,Revolut Bank UAB,-3.00,0.00,EUR,COMPLETED,25.53
CARD_PAYMENT,Current,2024-08-12 08:26:12,2024-08-13 10:05:11,Xl,-1.20,0.00,EUR,COMPLETED,24.33
TOPUP,Current,2024-08-13 11:22:33,2024-08-13 11:22:34,Payment from Vanessa Hofer,200.00,0.00,EUR,COMPLETED,224.33
CARD_PAYMENT,Current,2024-08-12 18:14:48,2024-08-13 11:39:11,Dunnes Stores,-6.50,0.00,EUR,COMPLETED,217.83
CARD_PAYMENT,Current,2024-08-12 19:26:05,2024-08-13 11:49:22,Gelato,-6.50,0.00,EUR,COMPLETED,211.33
CARD_PAYMENT,Current,2024-08-13 17:06:02,2024-08-14 09:26:35,The Art & Craft Shop L,-5.90,0.00,EUR,COMPLETED,205.43
CARD_PAYMENT,Current,2024-08-13 13:54:32,2024-08-14 10:52:01,Open Sesame,-16.00,0.00,EUR,COMPLETED,189.43
CARD_PAYMENT,Current,2024-08-13 17:39:19,2024-08-14 10:53:00,J And F Cafe Catering Lim,-7.35,0.00,EUR,COMPLETED,182.08
CARD_PAYMENT,Current,2024-08-13 14:13:28,2024-08-14 11:24:19,Dunnes Stores,-36.63,0.00,EUR,COMPLETED,145.45
CARD_PAYMENT,Current,2024-08-14 17:04:07,2024-08-15 09:26:44,Gelato,-4.50,0.00,EUR,COMPLETED,140.95
CARD_PAYMENT,Current,2024-08-13 14:18:53,2024-08-15 09:56:11,Anna's Vending,-1.60,0.00,EUR,COMPLETED,139.35
CARD_PAYMENT,Current,2024-08-14 17:13:45,2024-08-15 10:59:53,Dunnes Stores,-12.59,0.00,EUR,COMPLETED,126.76
CARD_PAYMENT,Current,2024-08-15 17:27:21,2024-08-16 09:35:58,Dunnes Stores,-39.79,0.00,EUR,COMPLETED,86.97
CARD_PAYMENT,Current,2024-08-15 16:45:10,2024-08-16 10:38:46,J And F Cafe Catering Lim,-2.95,0.00,EUR,COMPLETED,84.02
CARD_PAYMENT,Current,2024-08-15 08:22:39,2024-08-16 12:21:46,Xl,-5.30,0.00,EUR,COMPLETED,78.72
CARD_PAYMENT,Current,2024-08-17 14:07:44,2024-08-19 09:57:02,O'Sullivans Pharmacy,-3.95,0.00,EUR,COMPLETED,74.77
TRANSFER,Current,2024-08-19 11:29:44,2024-08-19 11:29:44,Revolut Bank UAB,-6.00,0.00,EUR,COMPLETED,68.77
CARD_PAYMENT,Current,2024-08-19 08:23:56,2024-08-20 11:15:49,Aaa Taxis Enni,-8.00,0.00,EUR,COMPLETED,60.77
CARD_PAYMENT,Current,2024-08-20 14:46:58,2024-08-21 09:24:04,Kellys,-8.00,0.00,EUR,COMPLETED,52.77
CARD_PAYMENT,Current,2024-08-20 12:45:01,2024-08-21 10:06:02,The Art & Craft Shop L,-5.90,0.00,EUR,COMPLETED,46.87
CARD_PAYMENT,Current,2024-08-20 16:59:46,2024-08-21 11:21:53,J And F Cafe Catering Lim,-6.55,0.00,EUR,COMPLETED,40.32
CARD_PAYMENT,Current,2024-08-20 11:19:43,2024-08-22 09:37:43,48,-12.99,0.00,EUR,COMPLETED,27.33
CARD_PAYMENT,Current,2024-08-20 11:30:14,2024-08-22 10:37:09,Anna's Vending,-1.60,0.00,EUR,COMPLETED,25.73
CARD_PAYMENT,Current,2024-08-21 17:31:45,2024-08-22 10:53:16,Dunnes Stores,-5.24,0.00,EUR,COMPLETED,20.49
TRANSFER,Current,2024-08-22 11:25:13,2024-08-22 11:25:13,Revolut Bank UAB,5.00,0.00,EUR,COMPLETED,25.49
TRANSFER,Current,2024-08-22 11:42:41,2024-08-22 11:42:41,Revolut Bank UAB,5.00,0.00,EUR,COMPLETED,30.49
TOPUP,Current,2024-08-22 12:55:06,2024-08-22 12:55:07,Payment from Vanessa Hofer,100.00,0.00,EUR,COMPLETED,130.49
TRANSFER,Current,2024-08-22 12:58:46,2024-08-22 12:58:46,Revolut Bank UAB,10.00,0.00,EUR,COMPLETED,140.49
CARD_PAYMENT,Current,2024-08-21 08:40:33,2024-08-23 10:11:38,Anna's Vending,-2.30,0.00,EUR,COMPLETED,138.19
CARD_PAYMENT,Current,2024-08-22 15:53:57,2024-08-23 10:39:51,Dunnes Stores,-53.02,0.00,EUR,COMPLETED,85.17
CARD_PAYMENT,Current,2024-08-22 08:27:09,2024-08-23 11:04:16,Centra,-5.50,0.00,EUR,COMPLETED,79.67
TRANSFER,Current,2024-08-23 11:22:57,2024-08-23 11:22:57,Revolut Bank UAB,10.00,0.00,EUR,COMPLETED,89.67
TRANSFER,Current,2024-08-23 16:13:59,2024-08-23 16:13:59,Revolut Ltd,20.00,0.00,EUR,COMPLETED,109.67
CARD_PAYMENT,Current,2024-08-23 17:45:15,2024-08-24 10:20:51,Dunnes Stores,-33.99,0.00,EUR,COMPLETED,75.68
CARD_PAYMENT,Current,2024-08-23 17:15:33,2024-08-24 11:18:05,Eason,-5.50,0.00,EUR,COMPLETED,70.18
TRANSFER,Current,2024-08-26 16:12:56,2024-08-26 16:12:57,Revolut Bank UAB,5.00,0.00,EUR,COMPLETED,75.18
TRANSFER,Current,2024-08-26 17:34:58,2024-08-26 17:34:58,Revolut Bank UAB,5.00,0.00,EUR,COMPLETED,80.18
CARD_PAYMENT,Current,2024-08-26 15:47:00,2024-08-27 09:39:29,Kellys,-8.00,0.00,EUR,COMPLETED,72.18
CARD_PAYMENT,Current,2024-08-26 16:45:52,2024-08-27 09:56:56,Lidl,-9.33,0.00,EUR,COMPLETED,62.85
TRANSFER,Current,2024-08-27 10:07:14,2024-08-27 10:07:14,Revolut Bank UAB,20.00,0.00,EUR,COMPLETED,82.85
TRANSFER,Current,2024-08-27 10:38:52,2024-08-27 10:38:52,Revolut Bank UAB,10.00,0.00,EUR,COMPLETED,92.85
TRANSFER,Current,2024-08-27 10:40:21,2024-08-27 10:40:21,Revolut Bank UAB,10.00,0.00,EUR,COMPLETED,102.85
CARD_PAYMENT,Current,2024-08-26 17:24:31,2024-08-27 11:34:15,ALDI,-13.83,0.00,EUR,COMPLETED,89.02
CARD_PAYMENT,Current,2024-08-26 14:21:49,2024-08-27 12:00:48,Https://ennis.arccinema.i,-14.00,0.00,EUR,COMPLETED,75.02
TOPUP,Current,2024-08-28 07:33:13,2024-08-28 07:33:13,Payment from Vanessa Hofer,150.00,0.00,EUR,COMPLETED,225.02
CARD_PAYMENT,Current,2024-08-26 11:30:51,2024-08-28 09:45:23,Anna's Vending,-2.30,0.00,EUR,COMPLETED,222.72
CARD_PAYMENT,Current,2024-08-27 19:37:45,2024-08-28 10:18:50,Empire Movieplex,-9.45,0.00,EUR,COMPLETED,213.27
TRANSFER,Current,2024-08-28 15:36:58,2024-08-28 15:36:58,Revolut Bank UAB,10.00,0.00,EUR,COMPLETED,223.27
TRANSFER,Current,2024-08-29 08:27:59,2024-08-29 08:27:59,Revolut Bank UAB,5.00,0.00,EUR,COMPLETED,228.27
CARD_PAYMENT,Current,2024-08-28 17:26:48,2024-08-29 10:00:54,O'Mahony's Booksellers,-50.00,0.00,EUR,COMPLETED,178.27
CARD_PAYMENT,Current,2024-08-28 17:43:03,2024-08-29 11:17:09,Ennis Bookshop,-21.90,0.00,EUR,COMPLETED,156.37
CARD_PAYMENT,Current,2024-08-28 17:15:43,2024-08-29 11:17:16,Venture Out,-31.00,0.00,EUR,COMPLETED,125.37
TRANSFER,Current,2024-08-29 12:24:04,2024-08-29 12:24:04,"Revolut Bank UAB, Sucursal en España",5.00,0.00,EUR,COMPLETED,130.37
TRANSFER,Current,2024-08-29 13:07:39,2024-08-29 13:07:39,Revolut Bank UAB,5.00,0.00,EUR,COMPLETED,135.37
CARD_PAYMENT,Current,2024-08-29 17:52:39,2024-08-30 10:41:45,Gelato,-6.50,0.00,EUR,COMPLETED,128.87
CARD_PAYMENT,Current,2024-08-29 11:10:43,2024-08-30 10:52:41,Centra,-4.40,0.00,EUR,COMPLETED,124.47
CARD_PAYMENT,Current,2024-08-29 17:10:51,2024-08-30 12:25:01,The Art & Craft Shop L,-15.90,0.00,EUR,COMPLETED,108.57
CARD_PAYMENT,Current,2024-08-29 17:46:26,2024-08-30 12:33:49,Dunnes Stores,-55.76,0.00,EUR,COMPLETED,52.81
CARD_PAYMENT,Current,2024-08-30 18:42:04,2024-08-31 10:09:17,Lucas Bar,-17.30,0.00,EUR,COMPLETED,35.51
CARD_PAYMENT,Current,2024-08-30 19:46:42,2024-08-31 10:09:20,Lucas Bar,-5.00,0.00,EUR,COMPLETED,30.51
CARD_PAYMENT,Current,2024-08-30 18:32:24,2024-08-31 10:45:56,Three,-20.00,0.00,EUR,COMPLETED,10.51
CARD_PAYMENT,Current,2024-08-30 21:32:00,2024-09-01 09:23:37,Lucas Bar,-5.00,0.00,EUR,COMPLETED,5.51
CARD_PAYMENT,Current,2024-08-30 20:35:58,2024-09-01 09:23:37,Lucas Bar,-5.00,0.00,EUR,COMPLETED,0.51
TOPUP,Current,2024-09-01 16:38:27,2024-09-01 16:38:27,Payment from Vanessa Hofer,200.00,0.00,EUR,COMPLETED,200.51
CARD_PAYMENT,Current,2024-09-01 16:40:31,2024-09-03 10:39:42,Amazon,-32.02,0.00,EUR,COMPLETED,168.49
CARD_PAYMENT,Current,2024-09-03 17:22:46,2024-09-04 10:43:29,Dunnes Stores,-8.00,0.00,EUR,COMPLETED,160.49
CARD_PAYMENT,Current,2024-09-03 17:20:16,2024-09-04 10:44:05,Dunnes Stores,-5.15,0.00,EUR,COMPLETED,155.34
CARD_PAYMENT,Current,2024-09-03 08:33:22,2024-09-04 11:02:57,Xl,-2.20,0.00,EUR,COMPLETED,153.14
CARD_PAYMENT,Current,2024-09-03 08:35:46,2024-09-04 11:34:33,Seamus Taxi,-8.00,0.00,EUR,COMPLETED,145.14
CARD_PAYMENT,Current,2024-09-04 17:04:35,2024-09-05 10:09:10,Boots,-15.99,0.00,EUR,COMPLETED,129.15
CARD_PAYMENT,Current,2024-09-04 17:11:41,2024-09-05 11:24:51,Dunnes Stores,-5.34,0.00,EUR,COMPLETED,123.81
CARD_PAYMENT,Current,2024-09-04 13:44:52,2024-09-05 11:25:55,Spar,-4.70,0.00,EUR,COMPLETED,119.11
CARD_PAYMENT,Current,2024-09-04 17:07:45,2024-09-05 11:28:39,Dunnes Stores,-11.24,0.00,EUR,COMPLETED,107.87
CARD_PAYMENT,Current,2024-09-05 17:13:25,2024-09-06 11:27:45,Gelato,-6.50,0.00,EUR,COMPLETED,101.37
CARD_PAYMENT,Current,2024-09-06 18:09:28,2024-09-07 10:19:25,Dunnes Stores,-31.59,0.00,EUR,COMPLETED,69.78
CARD_PAYMENT,Current,2024-09-06 16:45:54,2024-09-07 11:29:33,J And F Cafe Catering Lim,-7.35,0.00,EUR,COMPLETED,62.43
CARD_PAYMENT,Current,2024-09-07 12:51:14,2024-09-08 09:27:10,In-town Hardware,-7.50,0.00,EUR,COMPLETED,54.93
CARD_PAYMENT,Current,2024-09-07 13:36:16,2024-09-08 09:27:19,Ennis Bookshop,-3.45,0.00,EUR,COMPLETED,51.48
TOPUP,Current,2024-09-08 19:44:57,2024-09-08 19:44:57,Payment from Vanessa Hofer,50.00,0.00,EUR,COMPLETED,101.48
CARD_PAYMENT,Current,2024-09-07 15:32:29,2024-09-09 10:24:37,Eva's,-26.20,0.00,EUR,COMPLETED,75.28
CARD_PAYMENT,Current,2024-09-08 20:01:35,2024-09-09 11:02:50,Dunnes Stores,-22.80,0.00,EUR,COMPLETED,52.48
TRANSFER,Current,2024-09-09 16:36:33,2024-09-09 16:36:33,Revolut Bank UAB,-15.00,0.00,EUR,COMPLETED,37.48
CARD_PAYMENT,Current,2024-09-09 08:32:55,2024-09-10 10:15:03,Xl,-3.30,0.00,EUR,COMPLETED,34.18
TOPUP,Current,2024-09-10 20:36:32,2024-09-10 20:36:32,Payment from Vanessa Hofer,250.00,0.00,EUR,COMPLETED,284.18
CARD_PAYMENT,Current,2024-09-10 20:37:29,2024-09-11 10:57:44,Send My Bag,-121.07,0.00,EUR,COMPLETED,163.11
CARD_PAYMENT,Current,2024-09-11 08:26:05,2024-09-12 10:25:23,Xl,-5.30,0.00,EUR,COMPLETED,157.81
TOPUP,Current,2024-09-13 10:59:34,2024-09-13 10:59:34,Payment from Vanessa Hofer,500.00,0.00,EUR,COMPLETED,657.81
CARD_PAYMENT,Current,2024-09-12 17:31:34,2024-09-13 11:37:26,Dunnes Stores,-10.59,0.00,EUR,COMPLETED,647.22
CARD_PAYMENT,Current,2024-09-13 06:29:41,2024-09-14 10:21:41,Dub Nineteen,-8.75,0.00,EUR,COMPLETED,638.47
TOPUP,Current,2024-09-15 15:21:43,2024-09-15 15:21:43,Payment from Vanessa Hofer,1000.00,0.00,EUR,COMPLETED,1638.47
CARD_PAYMENT,Current,2024-09-19 16:57:11,2024-09-20 11:35:28,ROSSMANN,-7.77,0.00,EUR,COMPLETED,1630.70
CARD_PAYMENT,Current,2024-09-20 22:35:46,2024-09-21 11:12:01,48,-12.99,0.00,EUR,COMPLETED,1617.71
CARD_PAYMENT,Current,2024-09-22 19:47:09,2024-09-23 09:21:36,Supermac's,-32.35,0.00,EUR,COMPLETED,1585.36
CARD_PAYMENT,Current,2024-09-22 12:14:28,2024-09-23 09:40:21,Marche Mövenpick,-2.10,0.00,EUR,COMPLETED,1583.26
CARD_PAYMENT,Current,2024-09-22 11:39:25,2024-09-23 11:14:11,61260240 Dusseldorf Airpo,-5.15,0.00,EUR,COMPLETED,1578.11
CARD_PAYMENT,Current,2024-09-22 10:31:45,2024-09-23 11:14:16,61260209 Dusseldorf Airpo,-1.80,0.00,EUR,COMPLETED,1576.31
CARD_PAYMENT,Current,2024-09-22 07:29:50,2024-09-23 11:43:14,Dublin Coach,-53.00,0.00,EUR,COMPLETED,1523.31
CARD_PAYMENT,Current,2024-09-22 11:08:34,2024-09-24 11:17:24,Casualfood,-12.40,0.00,EUR,COMPLETED,1510.91
CARD_PAYMENT,Current,2024-09-23 17:55:57,2024-09-24 11:35:07,Dunnes Stores,-44.01,0.00,EUR,COMPLETED,1466.90
CARD_PAYMENT,Current,2024-09-23 18:36:55,2024-09-24 11:35:09,Dunnes Stores,-8.94,0.00,EUR,COMPLETED,1457.96
CARD_PAYMENT,Current,2024-09-23 08:30:16,2024-09-24 11:49:38,Xl,-5.50,0.00,EUR,COMPLETED,1452.46
CARD_PAYMENT,Current,2024-09-24 11:16:56,2024-09-25 09:46:40,Zest!,-4.20,0.00,EUR,COMPLETED,1448.26
TRANSFER,Current,2024-09-26 11:25:52,2024-09-26 11:25:52,Revolut Bank UAB,-4.00,0.00,EUR,COMPLETED,1444.26
CARD_PAYMENT,Current,2024-09-25 14:25:39,2024-09-26 11:30:26,Dunnes Stores,-28.21,0.00,EUR,COMPLETED,1416.05
CARD_PAYMENT,Current,2024-09-26 13:50:25,,Anna's Vending,-1.60,0.00,EUR,REVERTED,
CARD_PAYMENT,Current,2024-09-25 13:59:24,2024-09-27 10:32:55,Anna's Vending,-2.30,0.00,EUR,COMPLETED,1413.75
CARD_PAYMENT,Current,2024-09-25 11:13:50,2024-09-27 10:32:57,Anna's Vending,-1.60,0.00,EUR,COMPLETED,1412.15
CARD_PAYMENT,Current,2024-09-26 13:50:51,2024-09-28 10:54:06,Anna's Vending,-1.60,0.00,EUR,COMPLETED,1410.55
CARD_PAYMENT,Current,2024-09-28 15:51:41,2024-09-29 11:14:32,Dunnes Stores,-45.03,0.00,EUR,COMPLETED,1365.52
CARD_PAYMENT,Current,2024-09-29 16:48:44,2024-09-30 10:06:57,Gelato,-13.50,0.00,EUR,COMPLETED,1352.02
CARD_PAYMENT,Current,2024-09-28 15:10:05,2024-09-30 11:11:20,Mondo,-33.50,0.00,EUR,COMPLETED,1318.52
CARD_PAYMENT,Current,2024-09-29 18:24:00,2024-09-30 11:52:24,Dunnes Stores,-26.21,0.00,EUR,COMPLETED,1292.31
CARD_PAYMENT,Current,2024-09-30 16:54:55,2024-10-01 10:22:34,Spar,-2.70,0.00,EUR,COMPLETED,1289.61
CARD_PAYMENT,Current,2024-09-30 15:35:43,2024-10-01 11:46:52,Kellys,-8.00,0.00,EUR,COMPLETED,1281.61
CARD_PAYMENT,Current,2024-10-01 08:26:01,2024-10-02 09:57:38,Centra,-9.85,0.00,EUR,COMPLETED,1271.76
CARD_PAYMENT,Current,2024-10-01 11:15:10,2024-10-02 10:22:52,J And F Cafe Catering Lim,-3.60,0.00,EUR,COMPLETED,1268.16
CARD_PAYMENT,Current,2024-09-30 11:17:24,2024-10-02 10:23:05,Anna's Vending,-2.30,0.00,EUR,COMPLETED,1265.86
CARD_PAYMENT,Current,2024-09-30 13:59:49,2024-10-02 10:23:07,Anna's Vending,-1.60,0.00,EUR,COMPLETED,1264.26
CARD_PAYMENT,Current,2024-10-01 09:55:09,2024-10-02 10:32:06,Andy's Bakery,-5.80,0.00,EUR,COMPLETED,1258.46
CARD_PAYMENT,Current,2024-10-01 18:29:30,2024-10-02 10:45:21,Dunnes Stores,-26.32,0.00,EUR,COMPLETED,1232.14
CARD_PAYMENT,Current,2024-10-01 17:36:46,2024-10-02 11:28:19,Gelato,-6.50,0.00,EUR,COMPLETED,1225.64
CARD_PAYMENT,Current,2024-10-02 13:05:21,,Anna's Vending,-1.60,0.00,EUR,REVERTED,
CARD_PAYMENT,Current,2024-10-02 08:26:52,2024-10-03 10:19:46,Xl,-3.30,0.00,EUR,COMPLETED,1222.34
CARD_PAYMENT,Current,2024-10-02 17:20:27,2024-10-03 11:37:29,Dunnes Stores,-29.81,0.00,EUR,COMPLETED,1192.53
CARD_PAYMENT,Current,2024-10-03 12:18:42,2024-10-04 10:05:12,John Ryan,-3.50,0.00,EUR,COMPLETED,1189.03
CARD_PAYMENT,Current,2024-10-04 19:45:53,2024-10-05 11:57:59,Dunnes Stores,-32.37,0.00,EUR,COMPLETED,1156.66
CARD_PAYMENT,Current,2024-10-05 17:30:39,2024-10-06 10:38:06,Dunnes Stores,-22.42,0.00,EUR,COMPLETED,1134.24
TOPUP,Current,2024-10-06 20:53:48,2024-10-06 20:53:48,Payment from Vanessa Hofer,1600.00,0.00,EUR,COMPLETED,2734.24
CARD_PAYMENT,Current,2024-10-07 08:24:57,2024-10-08 11:08:27,Xl,-3.30,0.00,EUR,COMPLETED,2730.94
CARD_PAYMENT,Current,2024-10-07 20:24:44,2024-10-08 11:09:06,Grill Kebab,-17.00,0.00,EUR,COMPLETED,2713.94
CARD_PAYMENT,Current,2024-10-07 17:04:58,2024-10-08 12:00:53,O'Connors Bakery,-3.50,0.00,EUR,COMPLETED,2710.44
CARD_PAYMENT,Current,2024-10-08 17:33:01,2024-10-09 09:59:53,Dunnes Stores,-25.12,0.00,EUR,COMPLETED,2685.32
CARD_PAYMENT,Current,2024-10-08 08:23:17,2024-10-09 11:22:35,Centra,-7.69,0.00,EUR,COMPLETED,2677.63
CARD_PAYMENT,Current,2024-10-09 16:44:35,2024-10-10 10:13:19,The Art & Craft Shop L,-7.20,0.00,EUR,COMPLETED,2670.43
CARD_PAYMENT,Current,2024-10-09 17:35:45,2024-10-10 11:22:37,Dunnes Stores,-38.72,0.00,EUR,COMPLETED,2631.71
CARD_PAYMENT,Current,2024-10-09 11:02:42,2024-10-11 09:38:13,Anna's Vending,-1.60,0.00,EUR,COMPLETED,2630.11
CARD_REFUND,Current,2024-10-12 01:00:00,2024-10-12 09:05:12,GoCar,0.50,0.00,EUR,COMPLETED,2630.61
CARD_PAYMENT,Current,2024-10-11 20:36:44,2024-10-12 09:07:36,Dunnes Stores,-25.57,0.00,EUR,COMPLETED,2605.04
CARD_PAYMENT,Current,2024-10-10 15:51:01,2024-10-12 11:52:24,Anna's Vending,-1.60,0.00,EUR,COMPLETED,2603.44
CARD_PAYMENT,Current,2024-10-11 16:04:09,2024-10-12 11:52:36,GoCar,-75.65,0.00,EUR,COMPLETED,2527.79
CARD_PAYMENT,Current,2024-10-11 16:00:35,2024-10-12 11:55:39,GoCar,-0.50,0.00,EUR,COMPLETED,2527.29
CARD_PAYMENT,Current,2024-10-12 11:39:06,2024-10-13 10:44:58,Dunnes Stores,-45.33,0.00,EUR,COMPLETED,2481.96
CARD_PAYMENT,Current,2024-10-12 16:46:31,2024-10-13 11:49:37,J And F Cafe Catering Lim,-6.95,0.00,EUR,COMPLETED,2475.01
CARD_PAYMENT,Current,2024-10-14 08:28:01,2024-10-15 11:01:40,Centra,-9.14,0.00,EUR,COMPLETED,2465.87
CARD_PAYMENT,Current,2024-10-14 17:21:55,2024-10-15 11:43:19,Dunnes Stores,-39.75,0.00,EUR,COMPLETED,2426.12
TRANSFER,Current,2024-10-15 22:03:50,2024-10-15 22:03:50,Revolut Bank UAB,5.00,0.00,EUR,COMPLETED,2431.12
TRANSFER,Current,2024-10-15 22:24:41,2024-10-15 22:24:41,Revolut Bank UAB,493.50,0.00,EUR,COMPLETED,2924.62
CARD_PAYMENT,Current,2024-10-15 16:13:21,2024-10-16 09:25:58,Kellys,-8.00,0.00,EUR,COMPLETED,2916.62
CARD_PAYMENT,Current,2024-10-15 14:42:24,2024-10-16 09:29:42,Three,-5.00,0.00,EUR,COMPLETED,2911.62
CARD_PAYMENT,Current,2024-10-15 11:16:22,2024-10-16 11:24:22,J And F Cafe Catering Lim,-4.00,0.00,EUR,COMPLETED,2907.62
TRANSFER,Current,2024-10-17 08:35:11,2024-10-17 08:35:12,Revolut Bank UAB,-3.00,0.00,EUR,COMPLETED,2904.62
CARD_PAYMENT,Current,2024-10-16 17:00:35,2024-10-17 10:00:12,M.F. Casey Printers,-7.00,0.00,EUR,COMPLETED,2897.62
CARD_PAYMENT,Current,2024-10-16 08:27:48,2024-10-17 10:28:40,Xl,-3.30,0.00,EUR,COMPLETED,2894.32
CARD_PAYMENT,Current,2024-10-16 17:24:22,2024-10-17 10:33:02,Dunnes Stores,-35.96,0.00,EUR,COMPLETED,2858.36
CARD_PAYMENT,Current,2024-10-16 14:22:54,2024-10-17 11:28:44,Open Sesame,-3.75,0.00,EUR,COMPLETED,2854.61
CARD_PAYMENT,Current,2024-10-17 18:01:19,2024-10-18 10:21:41,Dunnes Stores,-26.32,0.00,EUR,COMPLETED,2828.29
CARD_PAYMENT,Current,2024-10-18 17:10:44,2024-10-19 09:25:37,Send My Bag,-59.99,0.00,EUR,COMPLETED,2768.30
CARD_PAYMENT,Current,2024-10-19 16:11:03,2024-10-20 09:20:35,J And F Cafe Catering Lim,-7.60,0.00,EUR,COMPLETED,2760.70
CARD_PAYMENT,Current,2024-10-19 20:49:02,2024-10-20 09:28:25,Knox's Pub,-12.20,0.00,EUR,COMPLETED,2748.50
CARD_PAYMENT,Current,2024-10-19 10:43:28,2024-10-20 09:35:20,Spotify,-10.99,0.00,EUR,COMPLETED,2737.51
CARD_PAYMENT,Current,2024-10-19 14:37:12,2024-10-20 10:57:53,T.M. Office Supplies,-2.40,0.00,EUR,COMPLETED,2735.11
CARD_PAYMENT,Current,2024-10-19 14:40:15,2024-10-20 10:57:53,Kellys,-8.00,0.00,EUR,COMPLETED,2727.11
CARD_PAYMENT,Current,2024-10-19 15:55:07,2024-10-20 10:58:00,In-town Hardware,-5.95,0.00,EUR,COMPLETED,2721.16
CARD_PAYMENT,Current,2024-10-19 15:56:35,2024-10-20 10:58:02,T.M. Office Supplies,-4.95,0.00,EUR,COMPLETED,2716.21
CARD_PAYMENT,Current,2024-10-19 16:17:35,2024-10-20 10:58:03,O'Connors Bakery,-3.20,0.00,EUR,COMPLETED,2713.01
CARD_PAYMENT,Current,2024-10-19 21:59:29,2024-10-20 10:58:36,Fawls Bar,-20.05,0.00,EUR,COMPLETED,2692.96
CARD_PAYMENT,Current,2024-10-19 20:41:21,2024-10-21 09:29:12,Brogan's,-47.70,0.00,EUR,COMPLETED,2645.26
CARD_PAYMENT,Current,2024-10-19 19:06:07,2024-10-21 09:29:19,Brogan's,-12.00,0.00,EUR,COMPLETED,2633.26
CARD_PAYMENT,Current,2024-10-21 15:15:33,2024-10-22 09:32:46,M.F. Casey Printers,-3.50,0.00,EUR,COMPLETED,2629.76
CARD_PAYMENT,Current,2024-10-18 16:26:50,2024-10-22 09:41:14,Aer Lingus,-161.88,0.00,EUR,COMPLETED,2467.88
CARD_PAYMENT,Current,2024-10-21 08:26:11,2024-10-22 10:27:47,Xl,-3.30,0.00,EUR,COMPLETED,2464.58
CARD_PAYMENT,Current,2024-10-21 10:56:47,2024-10-22 10:49:06,48,-12.99,0.00,EUR,COMPLETED,2451.59
CARD_PAYMENT,Current,2024-10-20 13:43:54,2024-10-22 10:53:30,Dunnes Stores,-26.05,0.00,EUR,COMPLETED,2425.54
CARD_PAYMENT,Current,2024-10-21 11:19:45,2024-10-23 10:12:14,Anna's Vending,-1.60,0.00,EUR,COMPLETED,2423.94
CARD_PAYMENT,Current,2024-10-22 10:49:07,2024-10-23 10:13:03,N6 Concession,-4.00,0.00,EUR,COMPLETED,2419.94
CARD_PAYMENT,Current,2024-10-22 17:15:24,2024-10-23 10:22:05,DirectRoute,-4.00,0.00,EUR,COMPLETED,2415.94
CARD_PAYMENT,Current,2024-10-22 18:08:52,2024-10-23 10:33:13,GoCar,-113.50,0.00,EUR,COMPLETED,2302.44
CARD_PAYMENT,Current,2024-10-22 16:00:13,2024-10-23 10:33:20,GoCar,-4.70,0.00,EUR,COMPLETED,2297.74
CARD_PAYMENT,Current,2024-10-22 16:13:26,2024-10-23 10:33:20,MidLink,-4.00,0.00,EUR,COMPLETED,2293.74
CARD_PAYMENT,Current,2024-10-22 10:25:23,2024-10-23 10:33:27,Texaco,-3.50,0.00,EUR,COMPLETED,2290.24
CARD_PAYMENT,Current,2024-10-22 14:00:05,2024-10-23 10:34:13,GoCar,-4.70,0.00,EUR,COMPLETED,2285.54
CARD_PAYMENT,Current,2024-10-22 11:58:11,2024-10-23 10:38:48,Eurolink M4 Motorway,-3.40,0.00,EUR,COMPLETED,2282.14
CARD_PAYMENT,Current,2024-10-22 18:25:46,2024-10-23 10:40:43,Dunnes Stores,-47.27,0.00,EUR,COMPLETED,2234.87
CARD_PAYMENT,Current,2024-10-22 10:21:59,2024-10-23 10:58:02,Supermac's,-9.50,0.00,EUR,COMPLETED,2225.37
CARD_PAYMENT,Current,2024-10-22 08:35:56,2024-10-23 11:09:35,Grace Taxis,-10.00,0.00,EUR,COMPLETED,2215.37
TRANSFER,Current,2024-10-23 12:38:18,2024-10-23 12:38:18,Revolut Bank UAB,15.00,0.00,EUR,COMPLETED,2230.37
CARD_PAYMENT,Current,2024-10-23 18:38:04,2024-10-24 10:00:32,Dunnes Stores,-84.29,0.00,EUR,COMPLETED,2146.08
CARD_PAYMENT,Current,2024-10-23 08:29:15,2024-10-24 10:53:42,Xl,-3.30,0.00,EUR,COMPLETED,2142.78
CARD_PAYMENT,Current,2024-10-24 16:59:55,2024-10-25 09:45:18,Dallas-barbershop,-25.00,0.00,EUR,COMPLETED,2117.78
CARD_PAYMENT,Current,2024-10-24 08:25:59,2024-10-25 11:04:12,Xl,-2.35,0.00,EUR,COMPLETED,2115.43
CARD_PAYMENT,Current,2024-10-24 13:41:12,2024-10-25 11:15:53,Centra,-4.40,0.00,EUR,COMPLETED,2111.03
CARD_PAYMENT,Current,2024-10-25 17:52:36,2024-10-26 10:23:26,The Beautique Urban Retreat,-55.00,0.00,EUR,COMPLETED,2056.03
CARD_PAYMENT,Current,2024-10-26 00:19:43,2024-10-26 10:32:14,Taylor's Bar & Beer Garden,-6.50,0.00,EUR,COMPLETED,2049.53
CARD_PAYMENT,Current,2024-10-25 22:36:20,2024-10-26 10:37:47,Knox's Pub,-5.90,0.00,EUR,COMPLETED,2043.63
CARD_PAYMENT,Current,2024-10-25 21:54:15,2024-10-26 10:37:47,Knox's Pub,-29.80,0.00,EUR,COMPLETED,2013.83
CARD_PAYMENT,Current,2024-10-26 13:47:45,2024-10-27 10:09:46,Cliffs of Moher,-50.00,0.00,EUR,COMPLETED,1963.83
CARD_PAYMENT,Current,2024-10-26 16:38:28,2024-10-27 10:10:29,Banner Books,-25.00,0.00,EUR,COMPLETED,1938.83
CARD_PAYMENT,Current,2024-10-25 23:34:55,2024-10-27 10:39:21,Taylor's Bar & Beer Garden,-6.50,0.00,EUR,COMPLETED,1932.33
CARD_PAYMENT,Current,2024-10-26 15:43:53,2024-10-27 10:44:38,Clifftops,-4.00,0.00,EUR,COMPLETED,1928.33
CARD_PAYMENT,Current,2024-10-26 15:30:41,2024-10-28 09:12:30,Kilkenny Shop,-50.43,0.00,EUR,COMPLETED,1877.90
CARD_PAYMENT,Current,2024-10-26 15:38:09,2024-10-28 09:14:23,Puffins Nest Coffee Shop,-1.50,0.00,EUR,COMPLETED,1876.40
CARD_PAYMENT,Current,2024-10-26 12:13:38,2024-10-28 09:16:10,SweetnGreen,-84.50,0.00,EUR,COMPLETED,1791.90
CARD_PAYMENT,Current,2024-10-28 15:32:22,2024-10-29 10:24:25,Dunnes Stores,-52.45,0.00,EUR,COMPLETED,1739.45
CARD_PAYMENT,Current,2024-10-30 17:22:29,2024-10-31 10:46:27,Dunnes Stores,-34.01,0.00,EUR,COMPLETED,1705.44
CARD_PAYMENT,Current,2024-10-30 08:27:11,2024-10-31 11:02:07,Xl,-3.00,0.00,EUR,COMPLETED,1702.44
TRANSFER,Current,2024-10-31 17:34:07,2024-10-31 17:34:07,Revolut Bank UAB,-0.10,0.00,EUR,COMPLETED,1702.34
EXCHANGE,Current,2024-10-31 20:13:24,2024-10-31 20:13:24,Revolut Ltd,1509.74,2.55,EUR,COMPLETED,3209.53
CARD_PAYMENT,Current,2024-10-31 10:34:28,2024-11-01 15:50:30,Centra,-6.00,0.00,EUR,COMPLETED,3203.53
CARD_PAYMENT,Current,2024-11-01 19:06:48,2024-11-02 10:25:40,Dunnes Stores,-13.93,0.00,EUR,COMPLETED,3189.60
CARD_PAYMENT,Current,2024-11-01 19:01:52,2024-11-02 11:41:34,Dingle Street Food Limi,-27.90,0.00,EUR,COMPLETED,3161.70
CARD_PAYMENT,Current,2024-11-02 14:47:10,2024-11-03 09:00:58,J And F Cafe Catering Lim,-4.00,0.00,EUR,COMPLETED,3157.70
CARD_PAYMENT,Current,2024-11-02 11:04:32,2024-11-03 10:10:20,M.F. Casey Printers,-3.50,0.00,EUR,COMPLETED,3154.20
CARD_PAYMENT,Current,2024-11-02 13:45:51,2024-11-03 10:11:49,Kellys,-8.00,0.00,EUR,COMPLETED,3146.20
CARD_PAYMENT,Current,2024-11-02 10:46:03,2024-11-03 10:47:09,Dunnes Stores,-24.12,0.00,EUR,COMPLETED,3122.08
TRANSFER,Current,2024-11-03 21:16:16,2024-11-04 02:19:12,To Vanessa Hofer,-1500.00,0.00,EUR,COMPLETED,1622.08
CARD_PAYMENT,Current,2024-11-04 18:07:45,2024-11-05 10:48:22,Dunnes Stores,-9.69,0.00,EUR,COMPLETED,1612.39
CARD_PAYMENT,Current,2024-11-05 20:02:54,2024-11-06 10:03:00,Empire Movieplex,-3.95,0.00,EUR,COMPLETED,1608.44
CARD_PAYMENT,Current,2024-11-05 19:19:44,2024-11-06 10:35:51,Yolo Bar & Restaurant,-44.50,0.00,EUR,COMPLETED,1563.94
CARD_PAYMENT,Current,2024-11-05 08:21:55,2024-11-06 11:58:19,Xl,-3.30,0.00,EUR,COMPLETED,1560.64
TRANSFER,Current,2024-11-07 08:51:21,2024-11-07 08:51:21,Revolut Bank UAB,-10.00,0.00,EUR,COMPLETED,1550.64
CARD_PAYMENT,Current,2024-11-06 17:36:37,2024-11-07 11:15:11,Grill Kebab,-19.00,0.00,EUR,COMPLETED,1531.64
CARD_PAYMENT,Current,2024-11-07 08:23:21,2024-11-08 08:34:16,Centra,-3.90,0.00,EUR,COMPLETED,1527.74
CARD_PAYMENT,Current,2024-11-07 20:03:03,2024-11-08 10:36:16,Dunnes Stores,-17.38,0.00,EUR,COMPLETED,1510.36
CARD_PAYMENT,Current,2024-11-07 14:59:36,2024-11-08 10:36:33,Dunnes Stores,-38.28,0.00,EUR,COMPLETED,1472.08
CARD_PAYMENT,Current,2024-11-07 08:28:53,2024-11-08 11:09:41,Xl,-3.00,0.00,EUR,COMPLETED,1469.08
CARD_PAYMENT,Current,2024-11-08 08:45:24,2024-11-09 09:18:22,Zest!,-4.20,0.00,EUR,COMPLETED,1464.88
CARD_PAYMENT,Current,2024-11-08 08:43:51,2024-11-09 09:18:26,Zest!,-4.20,0.00,EUR,COMPLETED,1460.68
CARD_PAYMENT,Current,2024-11-08 16:57:17,2024-11-09 09:20:41,Kellys,-8.00,0.00,EUR,COMPLETED,1452.68
CARD_PAYMENT,Current,2024-11-06 11:32:09,2024-11-09 10:24:49,Anna's Vending,-2.40,0.00,EUR,COMPLETED,1450.28
CARD_PAYMENT,Current,2024-11-08 17:51:22,2024-11-09 11:04:23,Dunnes Stores,-17.20,0.00,EUR,COMPLETED,1433.08
CARD_PAYMENT,Current,2024-11-09 11:13:12,,SweetnGreen,-42.00,0.00,EUR,PENDING,
CARD_PAYMENT,Current,2024-11-09 13:39:17,2024-11-10 10:05:58,Dunnes Stores,-24.76,0.00,EUR,COMPLETED,1408.32
CARD_PAYMENT,Current,2024-11-10 20:04:52,,Send My Bag,-232.98,0.00,EUR,PENDING,
CARD_PAYMENT,Current,2024-11-10 20:22:54,,Dublin Coach,-53.00,0.00,EUR,PENDING,
